@IEEEtranBSTCTL{IEEEexample:BSTcontrol,
    CTLuse_article_number = "yes",
    CTLuse_paper = "yes",
    CTLuse_forced_etal = "yes",
    CTLmax_names_forced_etal = "3",
    CTLnames_show_etal = "1",
    CTLuse_alt_spacing = "yes",
    CTLalt_stretch_factor = "4",
    CTLdash_repeated_names = "yes",
    CTLname_format_string = "{f.~}{vv~}{ll}{, jj}",
    CTLname_latex_cmd = "",
    CTLname_url_prefix = "[Online]. Available:"
}

@INPROCEEDINGS{2014IAUS..306..375S,
	author = {{Scaramella}, R. and {Mellier}, Y. and {Amiaux}, J. and {Burigana}, C. and 
	{Carvalho}, C.~S. and {Cuillandre}, J.~C. and {da Silva}, A. and 
	{Dinis}, J. and {Derosa}, A. and {Maiorano}, E. and {Franzetti}, P. and 
	{Garilli}, B. and {Maris}, M. and {Meneghetti}, M. and {Tereno}, I. and 
	{Wachter}, S. and {Amendola}, L. and {Cropper}, M. and {Cardone}, V. and 
	{Massey}, R. and {Niemi}, S. and {Hoekstra}, H. and {Kitching}, T. and 
	{Miller}, L. and {Schrabback}, T. and {Semboloni}, E. and {Taylor}, A. and 
	{Viola}, M. and {Maciaszek}, T. and {Ealet}, A. and {Guzzo}, L. and 
	{Jahnke}, K. and {Percival}, W. and {Pasian}, F. and {Sauvage}, M. and 
	{Sauvage}},
	title = "{Euclid space mission: a cosmological challenge for the next 15 years}",
	keywords = {cosmology: cosmological parameters, gravitational lensing, dark matter, large-scale structure of universe,},
	booktitle = {Statistical Challenges in 21st Century Cosmology},
	year = 2014,
	series = {IAU Symposium},
	volume = 306,
	archivePrefix = "arXiv",
	eprint = {1501.04908},
	editor = {{Heavens}, A. and {Starck}, J.-L. and {Krone-Martins}, A.},
	month = may,
	pages = {375-378},
	doi = {10.1017/S1743921314011089},
	adsurl = {https://ui.adsabs.harvard.edu/abs/2014IAUS..306..375S},
	adsnote = {Provided by the SAO/NASA Astrophysics Data System}
}

@ARTICLE{2015arXiv150303757S,
	author = {{Spergel}, D. and {Gehrels}, N. and {Baltay}, C. and {Bennett}, D. and
	{Breckinridge}, J. and {Donahue}, M. and {Dressler}, A. and
	{Gaudi}, B.~S. and {Greene}, T. and {Guyon}, O. and {Hirata}, C. and
	{Kalirai}, J. and {Kasdin}, N.~J. and {Macintosh}, B. and {Moos}, W. and
	{Perlmutter}, S. and {Postman}, M. and {Rauscher}, B. and {Rhodes}, J. and
	{Wang}, Y. and {Weinberg}, D. and {Benford}, D. and {Hudson}, M. and
	{Jeong}, W. -S. and {Mellier}, Y. and {Traub}, W. and {Yamada}, T. and
	{Capak}, P. and {Colbert}, J. and {Masters}, D. and {Penny}, M. and
	{Savransky}, D. and {Stern}, D. and {Zimmerman}, N. and {Barry}, R. and
	{Bartusek}, L. and {Carpenter}, K. and {Cheng}, E. and {Content}, D. and
	{Dekens}, F. and {Demers}, R. and {Grady}, K. and {Jackson}, C. and
	{Kuan}, G. and {Kruk}, J. and {Melton}, M. and {Nemati}, B. and
	{Parvin}, B. and {Poberezhskiy}, I. and {Peddie}, C. and {Ruffa}, J. and
	{Wallace}, J.~K. and {Whipple}, A. and {Wollack}, E. and {Zhao}, F.},
	title = "{Wide-Field InfrarRed Survey Telescope-Astrophysics Focused Telescope Assets WFIRST-AFTA 2015 Report}",
	journal = {arXiv e-prints},
	keywords = {Astrophysics - Instrumentation and Methods for Astrophysics},
	year = "2015",
	month = "Mar",
	eid = {arXiv:1503.03757},
	pages = {arXiv:1503.03757},
	archivePrefix = {arXiv},
	eprint = {1503.03757},
	primaryClass = {astro-ph.IM},
	adsurl = {https://ui.adsabs.harvard.edu/abs/2015arXiv150303757S},
	adsnote = {Provided by the SAO/NASA Astrophysics Data System}
}

@ARTICLE{2018PASP..130f4505T,
	author = {{Tonry}, J.~L. and {Denneau}, L. and {Heinze}, A.~N. and {Stalder}, B. and
	{Smith}, K.~W. and {Smartt}, S.~J. and {Stubbs}, C.~W. and {Weiland
	}, H.~J. and {Rest}, A.},
	title = "{ATLAS: A High-cadence All-sky Survey System}",
	journal = {Publications of the Astronomical Society of Pacific},
	keywords = {Astrophysics - Instrumentation and Methods for Astrophysics},
	year = "2018",
	month = "Jun",
	volume = {130},
	number = {988},
	pages = {064505},
	doi = {10.1088/1538-3873/aabadf},
	archivePrefix = {arXiv},
	eprint = {1802.00879},
	primaryClass = {astro-ph.IM},
	adsurl = {https://ui.adsabs.harvard.edu/abs/2018PASP..130f4505T},
	adsnote = {Provided by the SAO/NASA Astrophysics Data System}
}

@INPROCEEDINGS{2014AAS...22323603S,
	author = {{Shappee}, B. and {Prieto}, J. and {Stanek}, K.~Z. and {Kochanek}, C.~S. and 
	{Holoien}, T. and {Jencson}, J. and {Basu}, U. and {Beacom}, J.~F. and 
	{Szczygiel}, D. and {Pojmanski}, G. and {Brimacombe}, J. and 
	{Dubberley}, M. and {Elphick}, M. and {Foale}, S. and {Hawkins}, E. and 
	{Mullins}, D. and {Rosing}, W. and {Ross}, R. and {Walker}, Z.
	},
	title = "{All Sky Automated Survey for SuperNovae (ASAS-SN or ``Assassin'')}",
	booktitle = {American Astronomical Society Meeting Abstracts \#223},
	year = 2014,
	series = {American Astronomical Society Meeting Abstracts},
	volume = 223,
	month = jan,
	eid = {236.03},
	pages = {236.03},
	adsurl = {https://ui.adsabs.harvard.edu/abs/2014AAS...22323603S},
	adsnote = {Provided by the SAO/NASA Astrophysics Data System}
}


@ARTICLE{2019PASP..131a8002B,
	author = {{Bellm}, E.~C. and {Kulkarni}, S.~R. and {Graham}, M.~J. and 
	{Dekany}, R. and {Smith}, R.~M. and {Riddle}, R. and {Masci}, F.~J. and 
	{Helou}, G. and {Prince}, T.~A. and {Adams}, S.~M. and {Barbarino}, C. and 
	{Barlow}, T. and {Bauer}, J. and {Beck}, R. and {Belicki}, J. and 
	{Biswas}, R. and {Blagorodnova}, N. and {Bodewits}, D. and {Bolin}, B. and 
	{Brinnel}, V. and {Brooke}, T. and {Bue}, B. and {Bulla}, M. and 
	{Burruss}, R. and {Cenko}, S.~B. and {Chang}, C.-K. and {Connolly}, A. and 
	{Coughlin}, M. and {Cromer}, J. and {Cunningham}, V. and {De}, K. and 
	{Delacroix}, A. and {Desai}, V. and {Duev}, D.~A. and {Eadie}, G. and 
	{Farnham}, T.~L. and {Feeney}, M. and {Feindt}, U. and {Flynn}, D. and 
	{Franckowiak}, A. and {Frederick}, S. and {Fremling}, C. and 
	{Gal-Yam}, A. and {Gezari}, S. and {Giomi}, M. and {Goldstein}, D.~A. and 
	{Golkhou}, V.~Z. and {Goobar}, A. and {Groom}, S. and {Hacopians}, E. and 
	{Hale}, D. and {Henning}, J. and {Ho}, A.~Y.~Q. and {Hover}, D. and 
	{Howell}, J. and {Hung}, T. and {Huppenkothen}, D. and {Imel}, D. and 
	{Ip}, W.-H. and {Ivezi{\'c}}, {\v Z}. and {Jackson}, E. and 
	{Jones}, L. and {Juric}, M. and {Kasliwal}, M.~M. and {Kaspi}, S. and 
	{Kaye}, S. and {Kelley}, M.~S.~P. and {Kowalski}, M. and {Kramer}, E. and 
	{Kupfer}, T. and {Landry}, W. and {Laher}, R.~R. and {Lee}, C.-D. and 
	{Lin}, H.~W. and {Lin}, Z.-Y. and {Lunnan}, R. and {Giomi}, M. and 
	{Mahabal}, A. and {Mao}, P. and {Miller}, A.~A. and {Monkewitz}, S. and 
	{Murphy}, P. and {Ngeow}, C.-C. and {Nordin}, J. and {Nugent}, P. and 
	{Ofek}, E. and {Patterson}, M.~T. and {Penprase}, B. and {Porter}, M. and 
	{Rauch}, L. and {Rebbapragada}, U. and {Reiley}, D. and {Rigault}, M. and 
	{Rodriguez}, H. and {van Roestel}, J. and {Rusholme}, B. and 
	{van Santen}, J. and {Schulze}, S. and {Shupe}, D.~L. and {Singer}, L.~P. and 
	{Soumagnac}, M.~T. and {Stein}, R. and {Surace}, J. and {Sollerman}, J. and 
	{Szkody}, P. and {Taddia}, F. and {Terek}, S. and {Van Sistine}, A. and 
	{van Velzen}, S. and {Vestrand}, W.~T. and {Walters}, R. and 
	{Ward}, C. and {Ye}, Q.-Z. and {Yu}, P.-C. and {Yan}, L. and 
	{Zolkower}, J.},
	title = "{The Zwicky Transient Facility: System Overview, Performance, and First Results}",
	journal = {Publications of the Astronomical Society of Pacific},
	archivePrefix = "arXiv",
	eprint = {1902.01932},
	primaryClass = "astro-ph.IM",
	year = 2019,
	month = jan,
	volume = 131,
	number = 1,
	pages = {018002},
	doi = {10.1088/1538-3873/aaecbe},
	adsurl = {https://ui.adsabs.harvard.edu/abs/2019PASP..131a8002B},
	adsnote = {Provided by the SAO/NASA Astrophysics Data System}
}


@article{Abernathey2017,
	author = "Ryan Abernathey and Kevin Paul and Joe Hamman and Matthew Rocklin and Chiara Lepore and Michael Tippett and Naomi Henderson and Richard Seager and Ryan May and Davide Del Vento",
	title = "{Pangeo NSF Earthcube Proposal}",
	year = "2017",
	month = "8",
	journal = {proposal},
	url = "https://figshare.com/articles/Pangeo_NSF_Earthcube_Proposal/5361094",
	doi = "10.6084/m9.figshare.5361094.v1"
}

@inproceedings{Medvedev:2016:SCB:2949689.2949700,
	author = {Medvedev, Dmitry and Lemson, Gerard and Rippin, Mike},
	title = {SciServer Compute: Bringing Analysis Close to the Data},
	booktitle = {Proceedings of the 28th International Conference on Scientific and Statistical Database Management},
	series = {SSDBM '16},
	year = {2016},
	isbn = {978-1-4503-4215-5},
	location = {Budapest, Hungary},
	pages = {27:1--27:4},
	articleno = {27},
	numpages = {4},
	url = {http://doi.acm.org/10.1145/2949689.2949700},
	doi = {10.1145/2949689.2949700},
	acmid = {2949700},
	publisher = {ACM},
	address = {New York, NY, USA},
	keywords = {Docker, Jupyter, Python, application containers, applied computing, data analysis, scientific workflows, virtualization},
} 


@misc{AXSurl,
	author = {{Slater}, Colin T. and {Ze{\v{c}}evi{\'c}}, Petar and {Juri{\'c}}, Mario and {Connolly}, Andrew J.},
	title  = "AXS Prototype Source Code Repository",
	url    = "https://github.com/dirac-institute/axs",
	year   = {2019}
}

@ARTICLE{zecevic,
	author = {{Ze{\v{c}}evi{\'c}}, Petar and {Slater}, Colin T. and
	{Juri{\'c}}, Mario and {Connolly}, Andrew J. and
	{Lon{\v{c}}ari{\'c}}, Sven and {Bellm}, Eric C. and {Golkhou}, V. Zach and
	{Suberlak}, Krzysztof},
	title = "{AXS: A Framework for Fast Astronomical Data Processing Based on Apache Spark}",
	journal = {Astronomical Journal},
	keywords = {astronomical databases: miscellaneous, catalogs, methods: data analysis, Astrophysics - Instrumentation and Methods for Astrophysics, Computer Science - Distributed, Parallel, and Cluster Computing},
	year = "2019",
	month = "Jul",
	volume = {158},
	number = {1},
	eid = {37},
	pages = {37},
	doi = {10.3847/1538-3881/ab2384},
	archivePrefix = {arXiv},
	eprint = {1905.09034},
	primaryClass = {astro-ph.IM},
	adsurl = {https://ui.adsabs.harvard.edu/abs/2019AJ....158...37Z},
	adsnote = {Provided by the SAO/NASA Astrophysics Data System}
}

@ARTICLE{2019AJ....157..182L,
	author = {{Lee}, M.~A. and {Budav{\'a}ri}, T. and {Sullivan}, I.~S. and 
	{Connolly}, A.~J.},
	title = "{Sub-band Image Reconstruction Using Differential Chromatic Refraction}",
	journal = {Astronomical Journal},
	archivePrefix = "arXiv",
	eprint = {1807.07211},
	primaryClass = "astro-ph.IM",
	keywords = {astrometry, catalogs, galaxies: statistics, methods: statistical, surveys },
	year = 2019,
	month = may,
	volume = 157,
	eid = {182},
	pages = {182},
	doi = {10.3847/1538-3881/ab139f},
	adsurl = {http://adsabs.harvard.edu/abs/2019....157..182L},
	adsnote = {Provided by the SAO/NASA Astrophysics Data System}
}

@ARTICLE{2019AJ....157..119W,
	author = {{Whidden}, P.~J. and {Bryce Kalmbach}, J. and {Connolly}, A.~J. and 
	{Jones}, R.~L. and {Smotherman}, H. and {Bektesevic}, D. and 
	{Slater}, C. and {Becker}, A.~C. and {Ivezi{\'c}}, {\v Z}. and 
	{Juri{\'c}}, M. and {Bolin}, B. and {Moeyens}, J. and {F{\"o}rster}, F. and 
	{Golkhou}, V.~Z.},
	title = "{Fast Algorithms for Slow Moving Asteroids: Constraints on the Distribution of Kuiper Belt Objects}",
	journal = {Astronomical Journal},
	archivePrefix = "arXiv",
	eprint = {1901.02492},
	primaryClass = "astro-ph.IM",
	keywords = {methods: data analysis, minor planets, asteroids: general, Kuiper belt: general, techniques: image processing},
	year = 2019,
	month = mar,
	volume = 157,
	eid = {119},
	pages = {119},
	doi = {10.3847/1538-3881/aafd2d},
	adsurl = {http://adsabs.harvard.edu/abs/2019AJ....157..119W},
	adsnote = {Provided by the SAO/NASA Astrophysics Data System}
}

@inproceedings{Ahmad:2018:ALM:3183713.3196891,
	author = {Ahmad, Maaz Bin Safeer and Cheung, Alvin},
	title = {Automatically Leveraging MapReduce Frameworks for Data-Intensive Applications},
	booktitle = {Proceedings of the 2018 International Conference on Management of Data},
	series = {SIGMOD '18},
	year = {2018},
	isbn = {978-1-4503-4703-7},
	location = {Houston, TX, USA},
	pages = {1205--1220},
	numpages = {16},
	url = {http://doi.acm.org/10.1145/3183713.3196891},
	doi = {10.1145/3183713.3196891},
	acmid = {3196891},
	publisher = {ACM},
	address = {New York, NY, USA},
	keywords = {mapreduce, program synthesis, verification, compilers, verified lifting},
} 

@book{Zecevic:2016:SA:3126420,
	author = {Zecevic, Petar and Bonaci, Marko},
	title = {Spark in Action},
	year = {2016},
	isbn = {1617292605, 9781617292606},
	edition = {1st},
	publisher = {Manning Publications Co.},
	address = {Greenwich, CT, USA},
} 

@INPROCEEDINGS{2018AAS...23136205O,
	author = {{Olsen}, K. and {Williams}, B. and {Fitzpatrick}, M. and {PHAT Team}
	},
	title = "{The NOAO Data Lab PHAT Photometry Database}",
	booktitle = {American Astronomical Society Meeting Abstracts 231},
	year = 2018,
	series = {American Astronomical Society Meeting Abstracts},
	volume = 231,
	month = jan,
	eid = {362.05},
	pages = {362.05},
	adsurl = {http://adsabs.harvard.edu/abs/2018AAS...23136205O},
	adsnote = {Provided by the SAO/NASA Astrophysics Data System}
}

@ARTICLE{2016ApJ...822...66F,
	author = {{Finkbeiner}, D.~P. and {Schlafly}, E.~F. and {Schlegel}, D.~J. and 
	{Padmanabhan}, N. and {Juri{\'c}}, M. and {Burgett}, W.~S. and 
	{Chambers}, K.~C. and {Denneau}, L. and {Draper}, P.~W. and 
	{Flewelling}, H. and {Hodapp}, K.~W. and {Kaiser}, N. and {Magnier}, E.~A. and 
	{Metcalfe}, N. and {Morgan}, J.~S. and {Price}, P.~A. and {Stubbs}, C.~W. and 
	{Tonry}, J.~L.},
	title = "{Hypercalibration: A Pan-STARRS1-based Recalibration of the Sloan Digital Sky Survey Photometry}",
	journal = {\apj},
	archivePrefix = "arXiv",
	eprint = {1512.01214},
	primaryClass = "astro-ph.IM",
	keywords = {methods: data analysis, surveys, techniques: photometric},
	year = 2016,
	month = may,
	volume = 822,
	eid = {66},
	pages = {66},
	doi = {10.3847/0004-637X/822/2/66},
	adsurl = {http://adsabs.harvard.edu/abs/2016ApJ...822...66F},
	adsnote = {Provided by the SAO/NASA Astrophysics Data System}
}

@article{Samet:1984:QRH:356924.356930,
	author = {Samet, Hanan},
	title = {The Quadtree and Related Hierarchical Data Structures},
	journal = {ACM Comput. Surv.},
	issue_date = {June 1984},
	volume = {16},
	number = {2},
	month = jun,
	year = {1984},
	issn = {0360-0300},
	pages = {187--260},
	numpages = {74},
	url = {http://doi.acm.org/10.1145/356924.356930},
	doi = {10.1145/356924.356930},
	acmid = {356930},
	publisher = {ACM},
	address = {New York, NY, USA},
} 
[download]

@ARTICLE{2009PASP..121.1395L,
	author = {{Law}, N.~M. and {Kulkarni}, S.~R. and {Dekany}, R.~G. and {Ofek}, E.~O. and 
	{Quimby}, R.~M. and {Nugent}, P.~E. and {Surace}, J. and {Grillmair}, C.~C. and 
	{Bloom}, J.~S. and {Kasliwal}, M.~M. and {Bildsten}, L. and 
	{Brown}, T. and {Cenko}, S.~B. and {Ciardi}, D. and {Croner}, E. and 
	{Djorgovski}, S.~G. and {van Eyken}, J. and {Filippenko}, A.~V. and 
	{Fox}, D.~B. and {Gal-Yam}, A. and {Hale}, D. and {Hamam}, N. and 
	{Helou}, G. and {Henning}, J. and {Howell}, D.~A. and {Jacobsen}, J. and 
	{Laher}, R. and {Mattingly}, S. and {McKenna}, D. and {Pickles}, A. and 
	{Poznanski}, D. and {Rahmer}, G. and {Rau}, A. and {Rosing}, W. and 
	{Shara}, M. and {Smith}, R. and {Starr}, D. and {Sullivan}, M. and 
	{Velur}, V. and {Walters}, R. and {Zolkower}, J.},
	title = "{The Palomar Transient Factory: System Overview, Performance, and First Results}",
	journal = {Publications of the Astronomical Society of the Pacific},
	archivePrefix = "arXiv",
	eprint = {0906.5350},
	primaryClass = "astro-ph.IM",
	year = 2009,
	month = dec,
	volume = 121,
	pages = {1395},
	doi = {10.1086/648598},
	adsurl = {http://adsabs.harvard.edu/abs/2009PASP..121.1395L},
	adsnote = {Provided by the SAO/NASA Astrophysics Data System}
}


@InProceedings{ matthew_rocklin-proc-scipy-2015,
	author    = { Matthew Rocklin },
	title     = { Dask: Parallel Computation with Blocked algorithms and Task Scheduling },
	booktitle = { Proceedings of the 14th Python in Science Conference },
	pages     = { 130 - 136 },
	year      = { 2015 },
	editor    = { Kathryn Huff and James Bergstra }
}

@Book{ISO:2011:IIIc,
	author =       "{ISO}",
	title =        "{ISO/IEC 9075-1:2011 Information technology ---
	Database languages --- SQL --- Part 1: Framework
	(SQL/Framework)}",
	publisher =    {ISO},
	address =      {},
	pages =        "125-177",
	day =          "15",
	month =        dec,
	year =         "2011",
	LCCN =         "????",
	bibdate =      "Thu Apr 26 12:13:07 2012",
	bibsource =    "http://www.math.utah.edu/pub/tex/bib/isostd.bib;
	http://www.math.utah.edu/pub/tex/bib/sqlbooks.bib",
	URL =          "http://www.iso.org/iso/iso_catalogue/catalogue_tc/catalogue_detail.htm?csnumber=53681",
	acknowledgement = ack-nhfb,
}

@ARTICLE{2005ApJ...622..759G,
	author = {{G{\'o}rski}, K.~M. and {Hivon}, E. and {Banday}, A.~J. and 
	{Wandelt}, B.~D. and {Hansen}, F.~K. and {Reinecke}, M. and 
	{Bartelmann}, M.},
	title = "{HEALPix: A Framework for High-Resolution Discretization and Fast Analysis of Data Distributed on the Sphere}",
	journal = {\apj},
	eprint = {astro-ph/0409513},
	keywords = {Cosmology: Cosmic Microwave Background, Cosmology: Observations, Methods: Statistical},
	year = 2005,
	month = apr,
	volume = 622,
	pages = {759-771},
	doi = {10.1086/427976},
	adsurl = {http://adsabs.harvard.edu/abs/2005ApJ...622..759G},
	adsnote = {Provided by the SAO/NASA Astrophysics Data System}
}


@inproceedings{Dean:2004:MSD:1251254.1251264,
	author = {Dean, Jeffrey and Ghemawat, Sanjay},
	title = {MapReduce: Simplified Data Processing on Large Clusters},
	booktitle = {Proceedings of the 6th Conference on Symposium on Opearting Systems Design \& Implementation - Volume 6},
	series = {OSDI'04},
	year = {2004},
	location = {San Francisco, CA},
	pages = {10--10},
	numpages = {1},
	url = {http://dl.acm.org/citation.cfm?id=1251254.1251264},
	acmid = {1251264},
	publisher = {USENIX Association},
	address = {Berkeley, CA, USA},
} 

@MISC{LSP,
	author = {{Juri\'c}, M. and Dubois-Felsmann, G.~P. and Ciardi, D},
	title = {LSST Science Platform Vision Document},
	year = 2017,
	url = {http://ls.st/lse-319}
}

@inproceedings{Parquet,
	author = {{Parquet Project}},
	title  = "Apache Parquet Documentation",
	url    = "http://parquet.apache.org/documentation/latest/",
	year   = {2018}
}

@misc{LSDurl,
	author = {{Juri\'c}, M.},
	title  = "Large Survey Database Website",
	url    = "http://lsddb.org",
	year   = {2010}
}

@inproceedings{StrataAXS,
	author = {{Ze\v{c}evi\'c}, P.},
	title  = "Using Spark for crunching astronomical data on the LSST scale",
	url    = "https://conferences.oreilly.com/strata/strata-ny/public/schedule/detail/76727",
	year   = {2019}
}

@inproceedings{SparkSummitAXS,
	author = {{Ze\v{c}evi\'c}, P. and {Juri\'c}, M.},
	title  = "Using Spark for crunching astronomical data on the LSST scale",
	url    = "https://databricks.com/session_eu19/astronomical-data-processing-on-the-lsst-scale-with-apache-spark",
	year   = {2019}
}

@inproceedings{ADASSAXS,
	author = {{Ze\v{c}evi\'c}, P. and Slater, C.T. and {Juri\'c}, M. and Lon\v{c}ari\'c, S.},
	title  = "AXS: Making end-user petascale analyses possible, scalable, and usable",
	url    = "http://adass2018.astro.umd.edu/abstracts/O10.2.html",
	year   = {2018}
}

@misc{githubUrl,
	author = {{GitHub}},
	title  = "GitHub Website",
	url    = {http://github.com},
	year   = {2011}
}

@misc{sparkUrl,
	author = {{Apache Spark}},
	title  = "Apache Spark Website",
	url    = "http://spark.apache.com",
	year   = {2018}
}

@misc{arrowUrl,
	author = {{Apache Arrow Project}},
	title  = "Apache Arrow Website",
	url    = "http://arrow.apache.com",
	year   = {2018}
}

@misc{pipelinesWebsite,
	author = {{LSST Project}},
	title  = "LSST Science Pipelines Website",
	url    = "http://pipelines.lsst.io",
	year   = {2018}
}

@inproceedings{Zaharia:2010:SCC:1863103.1863113,
	author = {Zaharia, Matei and Chowdhury, Mosharaf and Franklin, Michael J. and Shenker, Scott and Stoica, Ion},
	title = {Spark: Cluster Computing with Working Sets},
	booktitle = {Proceedings of the 2Nd USENIX Conference on Hot Topics in Cloud Computing},
	series = {HotCloud'10},
	year = {2010},
	location = {Boston, MA},
	pages = {10--10},
	numpages = {1},
	url = {http://dl.acm.org/citation.cfm?id=1863103.1863113},
	acmid = {1863113},
	publisher = {USENIX Association},
	address = {Berkeley, CA, USA},
} 


@inproceedings{Chang:2006:BDS:1267308.1267323,
	author = {Chang, Fay and Dean, Jeffrey and Ghemawat, Sanjay and Hsieh, Wilson C. and Wallach, Deborah A. and Burrows, Mike and Chandra, Tushar and Fikes, Andrew and Gruber, Robert E.},
	title = {Bigtable: A Distributed Storage System for Structured Data},
	booktitle = {Proceedings of the 7th USENIX Symposium on Operating Systems Design and Implementation - Volume 7},
	series = {OSDI '06},
	year = {2006},
	location = {Seattle, WA},
	pages = {15--15},
	numpages = {1},
	url = {http://dl.acm.org/citation.cfm?id=1267308.1267323},
	acmid = {1267323},
	publisher = {USENIX Association},
	address = {Berkeley, CA, USA},
} 

@article{jedicke2004age,
	title={An age--colour relationship for main-belt S-complex asteroids},
	author={Jedicke, Robert and Nesvorn{\`y}, David and Whiteley, Robert and Ivezi{\'c}, {\v{Z}}eljko and Juri{\'c}, Mario},
	journal={Nature},
	volume={429},
	number={6989},
	pages={275},
	year={2004},
	publisher={Nature Publishing Group}
}

@ARTICLE{2010Sci...327..977B,
	author = {{Borucki}, W.~J. and {Koch}, D. and {Basri}, G. and {Batalha}, N. and 
	{Brown}, T. and {Caldwell}, D. and {Caldwell}, J. and {Christensen-Dalsgaard}, J. and 
	{Cochran}, W.~D. and {DeVore}, E. and {Dunham}, E.~W. and {Dupree}, A.~K. and 
	{Gautier}, T.~N. and {Geary}, J.~C. and {Gilliland}, R. and 
	{Gould}, A. and {Howell}, S.~B. and {Jenkins}, J.~M. and {Kondo}, Y. and 
	{Latham}, D.~W. and {Marcy}, G.~W. and {Meibom}, S. and {Kjeldsen}, H. and 
	{Lissauer}, J.~J. and {Monet}, D.~G. and {Morrison}, D. and 
	{Sasselov}, D. and {Tarter}, J. and {Boss}, A. and {Brownlee}, D. and 
	{Owen}, T. and {Buzasi}, D. and {Charbonneau}, D. and {Doyle}, L. and 
	{Fortney}, J. and {Ford}, E.~B. and {Holman}, M.~J. and {Seager}, S. and 
	{Steffen}, J.~H. and {Welsh}, W.~F. and {Rowe}, J. and {Anderson}, H. and 
	{Buchhave}, L. and {Ciardi}, D. and {Walkowicz}, L. and {Sherry}, W. and 
	{Horch}, E. and {Isaacson}, H. and {Everett}, M.~E. and {Fischer}, D. and 
	{Torres}, G. and {Johnson}, J.~A. and {Endl}, M. and {MacQueen}, P. and 
	{Bryson}, S.~T. and {Dotson}, J. and {Haas}, M. and {Kolodziejczak}, J. and 
	{Van Cleve}, J. and {Chandrasekaran}, H. and {Twicken}, J.~D. and 
	{Quintana}, E.~V. and {Clarke}, B.~D. and {Allen}, C. and {Li}, J. and 
	{Wu}, H. and {Tenenbaum}, P. and {Verner}, E. and {Bruhweiler}, F. and 
	{Barnes}, J. and {Prsa}, A.},
	title = "{Kepler Planet-Detection Mission: Introduction and First Results}",
	journal = {Science},
	year = 2010,
	month = feb,
	volume = 327,
	pages = {977},
	doi = {10.1126/science.1185402},
	adsurl = {http://adsabs.harvard.edu/abs/2010Sci...327..977B},
	adsnote = {Provided by the SAO/NASA Astrophysics Data System}
}


@ARTICLE{zones,
	author = {{Gray}, J. and {Nieto-Santisteban}, M.~A. and {Szalay}, A.~S.
	},
	title = "{The Zones Algorithm for Finding Points-Near-a-Point or Cross-Matching Spatial Datasets}",
	journal = {eprint arXiv:cs/0701171},
	eprint = {cs/0701171},
	keywords = {Computer Science - Databases, Computer Science - Data Structures and Algorithms},
	year = 2007,
	month = jan,
	adsurl = {http://adsabs.harvard.edu/abs/2007cs........1171G},
	adsnote = {Provided by the SAO/NASA Astrophysics Data System}
}


@ARTICLE{lsstOverview,
	author = {{Ivezi{\'c}}, {\v{Z}}eljko and {Kahn}, Steven M. and
	{Tyson}, J. Anthony and {Abel}, Bob and {Acosta}, Emily and
	{Allsman}, Robyn and {Alonso}, David and {AlSayyad}, Yusra and
	{Anderson}, Scott F. and {Andrew}, John and {Angel}, James Roger P. and
	{Angeli}, George Z. and {Ansari}, Reza and {Antilogus}, Pierre and
	{Araujo}, Constanza and {Armstrong}, Robert and {Arndt}, Kirk T. and
	{Astier}, Pierre and {Aubourg}, {\'E}ric and {Auza}, Nicole and
	{Axelrod}, Tim S. and {Bard}, Deborah J. and {Barr}, Jeff D. and
	{Barrau}, Aurelian and {Bartlett}, James G. and {Bauer}, Amanda E. and
	{Bauman}, Brian J. and {Baumont}, Sylvain and {Bechtol}, Ellen and
	{Bechtol}, Keith and {Becker}, Andrew C. and {Becla}, Jacek and
	{Beldica}, Cristina and {Bellavia}, Steve and {Bianco}, Federica B. and
	{Biswas}, Rahul and {Blanc}, Guillaume and {Blazek}, Jonathan and {Bland
	ford}, Roger D. and {Bloom}, Josh S. and {Bogart}, Joanne and
	{Bond}, Tim W. and {Booth}, Michael T. and {Borgland}, Anders W. and
	{Borne}, Kirk and {Bosch}, James F. and {Boutigny}, Dominique and
	{Brackett}, Craig A. and {Bradshaw}, Andrew and {Brand
	t}, William Nielsen and {Brown}, Michael E. and {Bullock}, James S. and
	{Burchat}, Patricia and {Burke}, David L. and {Cagnoli}, Gianpietro and
	{Calabrese}, Daniel and {Callahan}, Shawn and {Callen}, Alice L. and
	{Carlin}, Jeffrey L. and {Carlson}, Erin L. and {Chand
	rasekharan}, Srinivasan and {Charles-Emerson}, Glenaver and
	{Chesley}, Steve and {Cheu}, Elliott C. and {Chiang}, Hsin-Fang and
	{Chiang}, James and {Chirino}, Carol and {Chow}, Derek and
	{Ciardi}, David R. and {Claver}, Charles F. and {Cohen-Tanugi}, Johann and
	{Cockrum}, Joseph J. and {Coles}, Rebecca and {Connolly}, Andrew J. and
	{Cook}, Kem H. and {Cooray}, Asantha and {Covey}, Kevin R. and
	{Cribbs}, Chris and {Cui}, Wei and {Cutri}, Roc and {Daly}, Philip N. and
	{Daniel}, Scott F. and {Daruich}, Felipe and {Daubard}, Guillaume and
	{Daues}, Greg and {Dawson}, William and {Delgado}, Francisco and
	{Dellapenna}, Alfred and {de Peyster}, Robert and
	{de Val-Borro}, Miguel and {Digel}, Seth W. and {Doherty}, Peter and
	{Dubois}, Richard and {Dubois-Felsmann}, Gregory P. and
	{Durech}, Josef and {Economou}, Frossie and {Eifler}, Tim and
	{Eracleous}, Michael and {Emmons}, Benjamin L. and
	{Fausti Neto}, Angelo and {Ferguson}, Henry and {Figueroa}, Enrique and
	{Fisher-Levine}, Merlin and {Focke}, Warren and {Foss}, Michael D. and
	{Frank}, James and {Freemon}, Michael D. and {Gangler}, Emmanuel and
	{Gawiser}, Eric and {Geary}, John C. and {Gee}, Perry and
	{Geha}, Marla and {Gessner}, Charles J.~B. and {Gibson}, Robert R. and
	{Gilmore}, D. Kirk and {Glanzman}, Thomas and {Glick}, William and
	{Goldina}, Tatiana and {Goldstein}, Daniel A. and {Goodenow}, Iain and
	{Graham}, Melissa L. and {Gressler}, William J. and {Gris}, Philippe and
	{Guy}, Leanne P. and {Guyonnet}, Augustin and {Haller}, Gunther and
	{Harris}, Ron and {Hascall}, Patrick A. and {Haupt}, Justine and {Hernand
	ez}, Fabio and {Herrmann}, Sven and {Hileman}, Edward and
	{Hoblitt}, Joshua and {Hodgson}, John A. and {Hogan}, Craig and
	{Howard}, James D. and {Huang}, Dajun and {Huffer}, Michael E. and
	{Ingraham}, Patrick and {Innes}, Walter R. and {Jacoby}, Suzanne H. and
	{Jain}, Bhuvnesh and {Jammes}, Fabrice and {Jee}, M. James and
	{Jenness}, Tim and {Jernigan}, Garrett and {Jevremovi{\'c}}, Darko and
	{Johns}, Kenneth and {Johnson}, Anthony S. and
	{Johnson}, Margaret W.~G. and {Jones}, R. Lynne and
	{Juramy-Gilles}, Claire and {Juri{\'c}}, Mario and {Kalirai}, Jason S. and
	{Kallivayalil}, Nitya J. and {Kalmbach}, Bryce and
	{Kantor}, Jeffrey P. and {Karst}, Pierre and {Kasliwal}, Mansi M. and
	{Kelly}, Heather and {Kessler}, Richard and {Kinnison}, Veronica and
	{Kirkby}, David and {Knox}, Lloyd and {Kotov}, Ivan V. and
	{Krabbendam}, Victor L. and {Krughoff}, K. Simon and
	{Kub{\'a}nek}, Petr and {Kuczewski}, John and {Kulkarni}, Shri and
	{Ku}, John and {Kurita}, Nadine R. and {Lage}, Craig S. and
	{Lambert}, Ron and {Lange}, Travis and {Langton}, J. Brian and
	{Le Guillou}, Laurent and {Levine}, Deborah and {Liang}, Ming and
	{Lim}, Kian-Tat and {Lintott}, Chris J. and {Long}, Kevin E. and
	{Lopez}, Margaux and {Lotz}, Paul J. and {Lupton}, Robert H. and
	{Lust}, Nate B. and {MacArthur}, Lauren A. and {Mahabal}, Ashish and {Mand
	elbaum}, Rachel and {Markiewicz}, Thomas W. and {Marsh}, Darren S. and
	{Marshall}, Philip J. and {Marshall}, Stuart and {May}, Morgan and
	{McKercher}, Robert and {McQueen}, Michelle and {Meyers}, Joshua and
	{Migliore}, Myriam and {Miller}, Michelle and {Mills}, David J. and
	{Miraval}, Connor and {Moeyens}, Joachim and {Moolekamp}, Fred E. and
	{Monet}, David G. and {Moniez}, Marc and {Monkewitz}, Serge and
	{Montgomery}, Christopher and {Morrison}, Christopher B. and
	{Mueller}, Fritz and {Muller}, Gary P. and
	{Mu{\~n}oz Arancibia}, Freddy and {Neill}, Douglas R. and
	{Newbry}, Scott P. and {Nief}, Jean-Yves and {Nomerotski}, Andrei and
	{Nordby}, Martin and {O'Connor}, Paul and {Oliver}, John and
	{Olivier}, Scot S. and {Olsen}, Knut and {O'Mullane}, William and
	{Ortiz}, Sandra and {Osier}, Shawn and {Owen}, Russell E. and
	{Pain}, Reynald and {Palecek}, Paul E. and {Parejko}, John K. and
	{Parsons}, James B. and {Pease}, Nathan M. and {Peterson}, J. Matt and
	{Peterson}, John R. and {Petravick}, Donald L. and
	{Libby Petrick}, M.~E. and {Petry}, Cathy E. and
	{Pierfederici}, Francesco and {Pietrowicz}, Stephen and {Pike}, Rob and
	{Pinto}, Philip A. and {Plante}, Raymond and {Plate}, Stephen and
	{Plutchak}, Joel P. and {Price}, Paul A. and {Prouza}, Michael and
	{Radeka}, Veljko and {Rajagopal}, Jayadev and {Rasmussen}, Andrew P. and
	{Regnault}, Nicolas and {Reil}, Kevin A. and {Reiss}, David J. and
	{Reuter}, Michael A. and {Ridgway}, Stephen T. and {Riot}, Vincent J. and
	{Ritz}, Steve and {Robinson}, Sean and {Roby}, William and
	{Roodman}, Aaron and {Rosing}, Wayne and {Roucelle}, Cecille and
	{Rumore}, Matthew R. and {Russo}, Stefano and {Saha}, Abhijit and
	{Sassolas}, Benoit and {Schalk}, Terry L. and {Schellart}, Pim and
	{Schindler}, Rafe H. and {Schmidt}, Samuel and {Schneider}, Donald P. and
	{Schneider}, Michael D. and {Schoening}, William and
	{Schumacher}, German and {Schwamb}, Megan E. and {Sebag}, Jacques and
	{Selvy}, Brian and {Sembroski}, Glenn H. and {Seppala}, Lynn G. and
	{Serio}, Andrew and {Serrano}, Eduardo and {Shaw}, Richard A. and
	{Shipsey}, Ian and {Sick}, Jonathan and {Silvestri}, Nicole and
	{Slater}, Colin T. and {Smith}, J. Allyn and {Smith}, R. Chris and
	{Sobhani}, Shahram and {Soldahl}, Christine and
	{Storrie-Lombardi}, Lisa and {Stover}, Edward and
	{Strauss}, Michael A. and {Street}, Rachel A. and
	{Stubbs}, Christopher W. and {Sullivan}, Ian S. and {Sweeney}, Donald and
	{Swinbank}, John D. and {Szalay}, Alexander and {Takacs}, Peter and
	{Tether}, Stephen A. and {Thaler}, Jon J. and {Thayer}, John Gregg and
	{Thomas}, Sandrine and {Thornton}, Adam J. and {Thukral}, Vaikunth and
	{Tice}, Jeffrey and {Trilling}, David E. and {Turri}, Max and
	{Van Berg}, Richard and {Vanden Berk}, Daniel and {Vetter}, Kurt and
	{Virieux}, Francoise and {Vucina}, Tomislav and {Wahl}, William and
	{Walkowicz}, Lucianne and {Walsh}, Brian and {Walter}, Christopher W. and
	{Wang}, Daniel L. and {Wang}, Shin-Yawn and {Warner}, Michael and
	{Wiecha}, Oliver and {Willman}, Beth and {Winters}, Scott E. and
	{Wittman}, David and {Wolff}, Sidney C. and {Wood-Vasey}, W. Michael and
	{Wu}, Xiuqin and {Xin}, Bo and {Yoachim}, Peter and {Zhan}, Hu},
	title = "{LSST: From Science Drivers to Reference Design and Anticipated Data Products}",
	journal = {\apj},
	keywords = {astrometry, cosmology: observations, Galaxy: general, methods: observational, stars: general, surveys, Astrophysics},
	year = "2019",
	month = "Mar",
	volume = {873},
	number = {2},
	eid = {111},
	pages = {111},
	doi = {10.3847/1538-4357/ab042c},
	archivePrefix = {arXiv},
	eprint = {0805.2366},
	primaryClass = {astro-ph},
	adsurl = {https://ui.adsabs.harvard.edu/abs/2019ApJ...873..111I},
	adsnote = {Provided by the SAO/NASA Astrophysics Data System}
}



@ARTICLE{sesar2012,
	author = {{Sesar}, B. and {Cohen}, J.~G. and {Levitan}, D. and {Grillmair}, C.~J. and 
	{Juri{\'c}}, M. and {Kirby}, E.~N. and {Laher}, R.~R. and {Ofek}, E.~O. and 
	{Surace}, J.~A. and {Kulkarni}, S.~R. and {Prince}, T.~A.},
	title = "{Two Distant Halo Velocity Groups Discovered by the Palomar Transient Factory}",
	journal = {\apj},
	archivePrefix = "arXiv",
	eprint = {1206.0269},
	keywords = {Galaxy: halo, Galaxy: kinematics and dynamics, Galaxy: structure, stars: variables: RR Lyrae},
	year = 2012,
	month = aug,
	volume = 755,
	eid = {134},
	pages = {134},
	doi = {10.1088/0004-637X/755/2/134},
	adsurl = {http://adsabs.harvard.edu/abs/2012ApJ...755..134S},
	adsnote = {Provided by the SAO/NASA Astrophysics Data System}
}

@MISC{2012ascl.soft09003J,
	author = {{Juri\'c}, M.},
	title = "{LSD: Large Survey Database framework}",
	keywords = {Software},
	howpublished = {Astrophysics Source Code Library},
	year = 2012,
	month = sep,
	archivePrefix = "ascl",
	eprint = {1209.003},
	adsurl = {http://adsabs.harvard.edu/abs/2012ascl.soft09003J},
	adsnote = {Provided by the SAO/NASA Astrophysics Data System}
}

@INPROCEEDINGS{2011AAS...21743319J,
	author = {{Juri\'c}, M.},
	title = "{Large Survey Database: A Distributed Framework for Storage and Analysis of Large Datasets}",
	booktitle = {American Astronomical Society Meeting Abstracts \#217},
	year = 2011,
	series = {Bulletin of the American Astronomical Society},
	volume = 43,
	month = jan,
	eid = {433.19},
	pages = {433.19},
	adsurl = {http://adsabs.harvard.edu/abs/2011AAS...21743319J},
	adsnote = {Provided by the SAO/NASA Astrophysics Data System}
}


@ARTICLE{2013ApJ...776...26S,
	author = {{Sesar}, B. and {Grillmair}, C.~J. and {Cohen}, J.~G. and {Bellm}, E.~C. and 
	{Bhalerao}, V.~B. and {Levitan}, D. and {Laher}, R.~R. and {Ofek}, E.~O. and 
	{Surace}, J.~A. and {Tang}, S. and {Waszczak}, A. and {Kulkarni}, S.~R. and 
	{Prince}, T.~A.},
	title = "{Tracing the Orphan Stream to 55 kpc with RR Lyrae Stars}",
	journal = {\apj},
	archivePrefix = "arXiv",
	eprint = {1308.0857},
	keywords = {Galaxy: halo, Galaxy: kinematics and dynamics, Galaxy: structure, stars: variables: RR Lyrae},
	year = 2013,
	month = oct,
	volume = 776,
	eid = {26},
	pages = {26},
	doi = {10.1088/0004-637X/776/1/26},
	adsurl = {http://adsabs.harvard.edu/abs/2013ApJ...776...26S},
	adsnote = {Provided by the SAO/NASA Astrophysics Data System}
}


@INPROCEEDINGS{qserv,
	author = {D. L. Wang and S. M. Monkewitz and Kian-Tat Lim and J. Becla},
	booktitle = {2011 International Conference for High Performance Computing, Networking, Storage and Analysis (SC)},
	title = {Qserv: A distributed shared-nothing database for the LSST catalog},
	year = {2012},
	volume = {00},
	number = {},
	pages = {1-11},
	keywords={Indexing;Catalogs;Bandwidth;Distributed databases;Hardware;Servers},
	doi = {10.1145/2063348.2063364},
	url = {doi.ieeecomputersociety.org/10.1145/2063348.2063364},
	ISSN = {},
	month={Nov.}
}


@book{Cockburn:2002:ASD:502980,
	author = {Cockburn, Alistair},
	title = {Agile Software Development},
	year = {2002},
	isbn = {0-201-69969-9},
	publisher = {Addison-Wesley Longman Publishing Co., Inc.},
	address = {Boston, MA, USA},
} 

@ARTICLE{schlafly14,
   author = {{Schlafly}, E.~F. and {Green}, G. and {Finkbeiner}, D.~P. and
	{Juri{\'c}}, M. and {Rix}, H.-W. and {Martin}, N.~F. and {Burgett}, W.~S. and
	{Chambers}, K.~C. and {Draper}, P.~W. and {Hodapp}, K.~W. and
	{Kaiser}, N. and {Kudritzki}, R.-P. and {Magnier}, E.~A. and
	{Metcalfe}, N. and {Morgan}, J.~S. and {Price}, P.~A. and {Stubbs}, C.~W. and
	{Tonry}, J.~L. and {Wainscoat}, R.~J. and {Waters}, C.},
    title = "{A Map of Dust Reddening to 4.5 kpc from Pan-STARRS1}",
  journal = {\apj},
archivePrefix = "arXiv",
   eprint = {1405.2922},
 keywords = {dust, extinction, ISM: clouds},
     year = 2014,
    month = jul,
   volume = 789,
      eid = {15},
    pages = {15},
      doi = {10.1088/0004-637X/789/1/15},
   adsurl = {http://adsabs.harvard.edu/abs/2014ApJ...789...15S},
  adsnote = {Provided by the SAO/NASA Astrophysics Data System}
}

@ARTICLE{schlafly15,
   author = {{Schlafly}, E.~F. and {Green}, G. and {Finkbeiner}, D.~P. and
	{Rix}, H.-W. and {Burgett}, W.~S. and {Chambers}, K.~C. and
	{Draper}, P.~W. and {Kaiser}, N. and {Martin}, N.~F. and {Metcalfe}, N. and
	{Morgan}, J.~S. and {Price}, P.~A. and {Tonry}, J.~L. and {Wainscoat}, R.~J. and
	{Waters}, C.},
    title = "{Three-dimensional Dust Mapping Reveals that Orion Forms Part of a Large Ring of Dust}",
  journal = {\apj},
archivePrefix = "arXiv",
   eprint = {1411.5402},
 keywords = {dust, extinction, ISM: bubbles, ISM: clouds },
     year = 2015,
    month = feb,
   volume = 799,
      eid = {116},
    pages = {116},
      doi = {10.1088/0004-637X/799/2/116},
   adsurl = {http://adsabs.harvard.edu/abs/2015ApJ...799..116S},
  adsnote = {Provided by the SAO/NASA Astrophysics Data System}
}
@ARTICLE{schlafly17,
   author = {{Schlafly}, E.~F. and {Peek}, J.~E.~G. and {Finkbeiner}, D.~P. and
	{Green}, G.~M.},
    title = "{Mapping the Extinction Curve in 3D: Structure on Kiloparsec Scales}",
  journal = {\apj},
archivePrefix = "arXiv",
   eprint = {1612.02818},
 keywords = {dust, extinction, ISM: clouds, ISM: structure},
     year = 2017,
    month = mar,
   volume = 838,
      eid = {36},
    pages = {36},
      doi = {10.3847/1538-4357/aa619d},
   adsurl = {http://adsabs.harvard.edu/abs/2017ApJ...838...36S},
  adsnote = {Provided by the SAO/NASA Astrophysics Data System}
}

@ARTICLE{2016MNRAS.460.1270D,
	author = {{Dark Energy Survey Collaboration} and {Abbott}, T. and {Abdalla}, F.~B. and 
	{Aleksi{\'c}}, J. and {Allam}, S. and {Amara}, A. and {Bacon}, D. and 
	{Balbinot}, E. and {Banerji}, M. and {Bechtol}, K. and {Benoit-L{\'e}vy}, A. and 
	{Bernstein}, G.~M. and {Bertin}, E. and {Blazek}, J. and {Bonnett}, C. and 
	{Bridle}, S. and {Brooks}, D. and {Brunner}, R.~J. and {Buckley-Geer}, E. and 
	{Burke}, D.~L. and {Caminha}, G.~B. and {Capozzi}, D. and {Carlsen}, J. and 
	{Carnero-Rosell}, A. and {Carollo}, M. and {Carrasco-Kind}, M. and 
	{Carretero}, J. and {Castander}, F.~J. and {Clerkin}, L. and 
	{Collett}, T. and {Conselice}, C. and {Crocce}, M. and {Cunha}, C.~E. and 
	{D'Andrea}, C.~B. and {da Costa}, L.~N. and {Davis}, T.~M. and 
	{Desai}, S. and {Diehl}, H.~T. and {Dietrich}, J.~P. and {Dodelson}, S. and 
	{Doel}, P. and {Drlica-Wagner}, A. and {Estrada}, J. and {Etherington}, J. and 
	{Evrard}, A.~E. and {Fabbri}, J. and {Finley}, D.~A. and {Flaugher}, B. and 
	{Foley}, R.~J. and {Fosalba}, P. and {Frieman}, J. and {Garc{\'{\i}}a-Bellido}, J. and 
	{Gaztanaga}, E. and {Gerdes}, D.~W. and {Giannantonio}, T. and 
	{Goldstein}, D.~A. and {Gruen}, D. and {Gruendl}, R.~A. and 
	{Guarnieri}, P. and {Gutierrez}, G. and {Hartley}, W. and {Honscheid}, K. and 
	{Jain}, B. and {James}, D.~J. and {Jeltema}, T. and {Jouvel}, S. and 
	{Kessler}, R. and {King}, A. and {Kirk}, D. and {Kron}, R. and 
	{Kuehn}, K. and {Kuropatkin}, N. and {Lahav}, O. and {Li}, T.~S. and 
	{Lima}, M. and {Lin}, H. and {Maia}, M.~A.~G. and {Makler}, M. and 
	{Manera}, M. and {Maraston}, C. and {Marshall}, J.~L. and {Martini}, P. and 
	{McMahon}, R.~G. and {Melchior}, P. and {Merson}, A. and {Miller}, C.~J. and 
	{Miquel}, R. and {Mohr}, J.~J. and {Morice-Atkinson}, X. and 
	{Naidoo}, K. and {Neilsen}, E. and {Nichol}, R.~C. and {Nord}, B. and 
	{Ogando}, R. and {Ostrovski}, F. and {Palmese}, A. and {Papadopoulos}, A. and 
	{Peiris}, H.~V. and {Peoples}, J. and {Percival}, W.~J. and 
	{Plazas}, A.~A. and {Reed}, S.~L. and {Refregier}, A. and {Romer}, A.~K. and 
	{Roodman}, A. and {Ross}, A. and {Rozo}, E. and {Rykoff}, E.~S. and 
	{Sadeh}, I. and {Sako}, M. and {S{\'a}nchez}, C. and {Sanchez}, E. and 
	{Santiago}, B. and {Scarpine}, V. and {Schubnell}, M. and {Sevilla-Noarbe}, I. and 
	{Sheldon}, E. and {Smith}, M. and {Smith}, R.~C. and {Soares-Santos}, M. and 
	{Sobreira}, F. and {Soumagnac}, M. and {Suchyta}, E. and {Sullivan}, M. and 
	{Swanson}, M. and {Tarle}, G. and {Thaler}, J. and {Thomas}, D. and 
	{Thomas}, R.~C. and {Tucker}, D. and {Vieira}, J.~D. and {Vikram}, V. and 
	{Walker}, A.~R. and {Wechsler}, R.~H. and {Weller}, J. and {Wester}, W. and 
	{Whiteway}, L. and {Wilcox}, H. and {Yanny}, B. and {Zhang}, Y. and 
	{Zuntz}, J.},
	title = "{The Dark Energy Survey: more than dark energy - an overview}",
	journal = {\mnras},
	archivePrefix = "arXiv",
	eprint = {1601.00329},
	keywords = {surveys, minor planets, asteroids: general, supernovae: general, Galaxy: general, galaxies: general, quasars: general},
	year = 2016,
	month = aug,
	volume = 460,
	pages = {1270-1299},
	doi = {10.1093/mnras/stw641},
	adsurl = {http://adsabs.harvard.edu/abs/2016MNRAS.460.1270D},
	adsnote = {Provided by the SAO/NASA Astrophysics Data System}
}


@INPROCEEDINGS{2010SPIE.7733E..0EK,
	author = {{Kaiser}, N. and {Burgett}, W. and {Chambers}, K. and {Denneau}, L. and 
	{Heasley}, J. and {Jedicke}, R. and {Magnier}, E. and {Morgan}, J. and 
	{Onaka}, P. and {Tonry}, J.},
	title = "{The Pan-STARRS wide-field optical/NIR imaging survey}",
	booktitle = {Ground-based and Airborne Telescopes III},
	year = 2010,
	series = {\procspie},
	volume = 7733,
	month = jul,
	eid = {77330E},
	pages = {77330E},
	doi = {10.1117/12.859188},
	adsurl = {http://adsabs.harvard.edu/abs/2010SPIE.7733E..0EK},
	adsnote = {Provided by the SAO/NASA Astrophysics Data System}
}


@ARTICLE{schlafly12,
   author = {{Schlafly}, E.~F. and {Finkbeiner}, D.~P. and {Juri{\'c}}, M. and
	{Magnier}, E.~A. and {Burgett}, W.~S. and {Chambers}, K.~C. and
	{Grav}, T. and {Hodapp}, K.~W. and {Kaiser}, N. and {Kudritzki}, R.-P. and
	{Martin}, N.~F. and {Morgan}, J.~S. and {Price}, P.~A. and {Rix}, H.-W. and
	{Stubbs}, C.~W. and {Tonry}, J.~L. and {Wainscoat}, R.~J.},
    title = "{Photometric Calibration of the First 1.5 Years of the Pan-STARRS1 Survey}",
  journal = {\apj},
archivePrefix = "arXiv",
   eprint = {1201.2208},
 primaryClass = "astro-ph.IM",
 keywords = {atmospheric effects, methods: data analysis, surveys, techniques: photometric},
     year = 2012,
    month = sep,
   volume = 756,
      eid = {158},
    pages = {158},
      doi = {10.1088/0004-637X/756/2/158},
   adsurl = {http://adsabs.harvard.edu/abs/2012ApJ...756..158S},
  adsnote = {Provided by the SAO/NASA Astrophysics Data System}
}

@ARTICLE{green15,
   author = {{Green}, G.~M. and {Schlafly}, E.~F. and {Finkbeiner}, D.~P. and
	{Rix}, H.-W. and {Martin}, N. and {Burgett}, W. and {Draper}, P.~W. and
	{Flewelling}, H. and {Hodapp}, K. and {Kaiser}, N. and {Kudritzki}, R.~P. and
	{Magnier}, E. and {Metcalfe}, N. and {Price}, P. and {Tonry}, J. and
	{Wainscoat}, R.},
    title = "{A Three-dimensional Map of Milky Way Dust}",
  journal = {\apj},
archivePrefix = "arXiv",
   eprint = {1507.01005},
 keywords = {dust, extinction, Galaxy: structure, methods: statistical},
     year = 2015,
    month = sep,
   volume = 810,
      eid = {25},
    pages = {25},
      doi = {10.1088/0004-637X/810/1/25},
   adsurl = {http://adsabs.harvard.edu/abs/2015ApJ...810...25G},
  adsnote = {Provided by the SAO/NASA Astrophysics Data System}
}

@ARTICLE{bernard16,
   author = {{Bernard}, E.~J. and {Ferguson}, A.~M.~N. and {Schlafly}, E.~F. and
	{Martin}, N.~F. and {Rix}, H.-W. and {Bell}, E.~F. and {Finkbeiner}, D.~P. and
	{Goldman}, B. and {Mart{\'{\i}}nez-Delgado}, D. and {Sesar}, B. and
	{Wyse}, R.~F.~G. and {Burgett}, W.~S. and {Chambers}, K.~C. and
	{Draper}, P.~W. and {Hodapp}, K.~W. and {Kaiser}, N. and {Kudritzki}, R.-P. and
	{Magnier}, E.~A. and {Metcalfe}, N. and {Wainscoat}, R.~J. and
	{Waters}, C.},
    title = "{A Synoptic Map of Halo Substructures from the Pan-STARRS1 3{$\pi$} Survey}",
  journal = {\mnras},
archivePrefix = "arXiv",
   eprint = {1607.06088},
 keywords = {Hertzsprung-Russell and colour-magnitude diagrams, surveys, Galaxy: halo, Galaxy: structure},
     year = 2016,
    month = dec,
   volume = 463,
    pages = {1759-1768},
      doi = {10.1093/mnras/stw2134},
   adsurl = {http://adsabs.harvard.edu/abs/2016MNRAS.463.1759B},
  adsnote = {Provided by the SAO/NASA Astrophysics Data System}
}

@ARTICLE{magnier13,
   author = {{Magnier}, E.~A. and {Schlafly}, E. and {Finkbeiner}, D. and
	{Juric}, M. and {Tonry}, J.~L. and {Burgett}, W.~S. and {Chambers}, K.~C. and
	{Flewelling}, H.~A. and {Kaiser}, N. and {Kudritzki}, R.-P. and
	{Morgan}, J.~S. and {Price}, P.~A. and {Sweeney}, W.~E. and
	{Stubbs}, C.~W.},
    title = "{The Pan-STARRS 1 Photometric Reference Ladder, Release 12.01}",
  journal = {\apjs},
archivePrefix = "arXiv",
   eprint = {1303.3634},
 primaryClass = "astro-ph.IM",
 keywords = {catalogs, instrumentation: photometers, standards, surveys: PS1, techniques: photometric},
     year = 2013,
    month = apr,
   volume = 205,
      eid = {20},
    pages = {20},
      doi = {10.1088/0067-0049/205/2/20},
   adsurl = {http://adsabs.harvard.edu/abs/2013ApJS..205...20M},
  adsnote = {Provided by the SAO/NASA Astrophysics Data System}
}

@ARTICLE{2010ARIST..44....3K,
	author = {{Kurtz}, M.~J. and {Bollen}, J.},
	title = "{Usage Bibliometrics}",
	journal = {Annual Review of Information Science and Technology},
	archivePrefix = "arXiv",
	eprint = {1102.2891},
	primaryClass = "cs.DL",
	keywords = {bibliometrics, astronomy literature, social network analysis, studies of literature use},
	year = 2010,
	month = jan,
	volume = 44,
	pages = {3-64},
	doi = {10.1002/aris.2010.1440440108},
	adsurl = {http://adsabs.harvard.edu/abs/2010ARIST..44....3K},
	adsnote = {Provided by the SAO/NASA Astrophysics Data System}
}


@ARTICLE{2005cs........2072O,
	author = {{O'Mullane}, W. and {Li}, N. and {Nieto-Santisteban}, M. and 
	{Szalay}, A. and {Thakar}, A. and {Gray}, J.},
	title = "{Batch is back: CasJobs, serving multi-TB data on the Web}",
	journal = {eprint arXiv:cs/0502072},
	eprint = {cs/0502072},
	keywords = {Computer Science - Distributed, Parallel, and Cluster Computing, Computer Science - Databases},
	year = 2005,
	month = feb,
	adsurl = {http://adsabs.harvard.edu/abs/2005cs........2072O},
	adsnote = {Provided by the SAO/NASA Astrophysics Data System}
}

@article{2016A&A...595A...1G,
	author = {{Gaia Collaboration} and {Prusti, T.} and {de Bruijne, J. H. J.} and {Brown, A. G. A.} and {Vallenari, A.} and {Babusiaux, C.} and {Bailer-Jones, C. A. L.} and {Bastian, U.} and {Biermann, M.} and {Evans, D. W.} and {Eyer, L.} and {Jansen, F.} and {Jordi, C.} and {Klioner, S. A.} and {Lammers, U.} and {Lindegren, L.} and {Luri, X.} and {Mignard, F.} and {Milligan, D. J.} and {Panem, C.} and {Poinsignon, V.} and {Pourbaix, D.} and {Randich, S.} and {Sarri, G.} and {Sartoretti, P.} and {Siddiqui, H. I.} and {Soubiran, C.} and {Valette, V.} and {van Leeuwen, F.} and {Walton, N. A.} and {Aerts, C.} and {Arenou, F.} and {Cropper, M.} and {Drimmel, R.} and {Høg, E.} and {Katz, D.} and {Lattanzi, M. G.} and {O’Mullane, W.} and {Grebel, E. K.} and {Holland, A. D.} and {Huc, C.} and {Passot, X.} and {Bramante, L.} and {Cacciari, C.} and {Castañeda, J.} and {Chaoul, L.} and {Cheek, N.} and {De Angeli, F.} and {Fabricius, C.} and {Guerra, R.} and {Hernández, J.} and {Jean-Antoine-Piccolo, A.} and {Masana, E.} and {Messineo, R.} and {Mowlavi, N.} and {Nienartowicz, K.} and {Ordóñez-Blanco, D.} and {Panuzzo, P.} and {Portell, J.} and {Richards, P. J.} and {Riello, M.} and {Seabroke, G. M.} and {Tanga, P.} and {Thévenin, F.} and {Torra, J.} and {Els, S. G.} and {Gracia-Abril, G.} and {Comoretto, G.} and {Garcia-Reinaldos, M.} and {Lock, T.} and {Mercier, E.} and {Altmann, M.} and {Andrae, R.} and {Astraatmadja, T. L.} and {Bellas-Velidis, I.} and {Benson, K.} and {Berthier, J.} and {Blomme, R.} and {Busso, G.} and {Carry, B.} and {Cellino, A.} and {Clementini, G.} and {Cowell, S.} and {Creevey, O.} and {Cuypers, J.} and {Davidson, M.} and {De Ridder, J.} and {de Torres, A.} and {Delchambre, L.} and {Dell’Oro, A.} and {Ducourant, C.} and {Frémat, Y.} and {García-Torres, M.} and {Gosset, E.} and {Halbwachs, J.-L.} and {Hambly, N. C.} and {Harrison, D. L.} and {Hauser, M.} and {Hestroffer, D.} and {Hodgkin, S. T.} and {Huckle, H. E.} and {Hutton, A.} and {Jasniewicz, G.} and {Jordan, S.} and {Kontizas, M.} and {Korn, A. J.} and {Lanzafame, A. C.} and {Manteiga, M.} and {Moitinho, A.} and {Muinonen, K.} and {Osinde, J.} and {Pancino, E.} and {Pauwels, T.} and {Petit, J.-M.} and {Recio-Blanco, A.} and {Robin, A. C.} and {Sarro, L. M.} and {Siopis, C.} and {Smith, M.} and {Smith, K. W.} and {Sozzetti, A.} and {Thuillot, W.} and {van Reeven, W.} and {Viala, Y.} and {Abbas, U.} and {Abreu Aramburu, A.} and {Accart, S.} and {Aguado, J. J.} and {Allan, P. M.} and {Allasia, W.} and {Altavilla, G.} and {Álvarez, M. A.} and {Alves, J.} and {Anderson, R. I.} and {Andrei, A. H.} and {Anglada Varela, E.} and {Antiche, E.} and {Antoja, T.} and {Antón, S.} and {Arcay, B.} and {Atzei, A.} and {Ayache, L.} and {Bach, N.} and {Baker, S. G.} and {Balaguer-Núñez, L.} and {Barache, C.} and {Barata, C.} and {Barbier, A.} and {Barblan, F.} and {Baroni, M.} and {Barrado y Navascués, D.} and {Barros, M.} and {Barstow, M. A.} and {Becciani, U.} and {Bellazzini, M.} and {Bellei, G.} and {Bello García, A.} and {Belokurov, V.} and {Bendjoya, P.} and {Berihuete, A.} and {Bianchi, L.} and {Bienaymé, O.} and {Billebaud, F.} and {Blagorodnova, N.} and {Blanco-Cuaresma, S.} and {Boch, T.} and {Bombrun, A.} and {Borrachero, R.} and {Bouquillon, S.} and {Bourda, G.} and {Bouy, H.} and {Bragaglia, A.} and {Breddels, M. A.} and {Brouillet, N.} and {Brüsemeister, T.} and {Bucciarelli, B.} and {Budnik, F.} and {Burgess, P.} and {Burgon, R.} and {Burlacu, A.} and {Busonero, D.} and {Buzzi, R.} and {Caffau, E.} and {Cambras, J.} and {Campbell, H.} and {Cancelliere, R.} and {Cantat-Gaudin, T.} and {Carlucci, T.} and {Carrasco, J. M.} and {Castellani, M.} and {Charlot, P.} and {Charnas, J.} and {Charvet, P.} and {Chassat, F.} and {Chiavassa, A.} and {Clotet, M.} and {Cocozza, G.} and {Collins, R. S.} and {Collins, P.} and {Costigan, G.} and {Crifo, F.} and {Cross, N. J. G.} and {Crosta, M.} and {Crowley, C.} and {Dafonte, C.} and {Damerdji, Y.} and {Dapergolas, A.} and {David, P.} and {David, M.} and {De Cat, P.} and {de Felice, F.} and {de Laverny, P.} and {De Luise, F.} and {De March, R.} and {de Martino, D.} and {de Souza, R.} and {Debosscher, J.} and {del Pozo, E.} and {Delbo, M.} and {Delgado, A.} and {Delgado, H. E.} and {di Marco, F.} and {Di Matteo, P.} and {Diakite, S.} and {Distefano, E.} and {Dolding, C.} and {Dos Anjos, S.} and {Drazinos, P.} and {Durán, J.} and {Dzigan, Y.} and {Ecale, E.} and {Edvardsson, B.} and {Enke, H.} and {Erdmann, M.} and {Escolar, D.} and {Espina, M.} and {Evans, N. W.} and {Eynard Bontemps, G.} and {Fabre, C.} and {Fabrizio, M.} and {Faigler, S.} and {Falcão, A. J.} and {Farràs Casas, M.} and {Faye, F.} and {Federici, L.} and {Fedorets, G.} and {Fernández-Hernández, J.} and {Fernique, P.} and {Fienga, A.} and {Figueras, F.} and {Filippi, F.} and {Findeisen, K.} and {Fonti, A.} and {Fouesneau, M.} and {Fraile, E.} and {Fraser, M.} and {Fuchs, J.} and {Furnell, R.} and {Gai, M.} and {Galleti, S.} and {Galluccio, L.} and {Garabato, D.} and {García-Sedano, F.} and {Garé, P.} and {Garofalo, A.} and {Garralda, N.} and {Gavras, P.} and {Gerssen, J.} and {Geyer, R.} and {Gilmore, G.} and {Girona, S.} and {Giuffrida, G.} and {Gomes, M.} and {González-Marcos, A.} and {González-Núñez, J.} and {González-Vidal, J. J.} and {Granvik, M.} and {Guerrier, A.} and {Guillout, P.} and {Guiraud, J.} and {Gúrpide, A.} and {Gutiérrez-Sánchez, R.} and {Guy, L. P.} and {Haigron, R.} and {Hatzidimitriou, D.} and {Haywood, M.} and {Heiter, U.} and {Helmi, A.} and {Hobbs, D.} and {Hofmann, W.} and {Holl, B.} and {Holland, G.} and {Hunt, J. A. S.} and {Hypki, A.} and {Icardi, V.} and {Irwin, M.} and {Jevardat de Fombelle, G.} and {Jofré, P.} and {Jonker, P. G.} and {Jorissen, A.} and {Julbe, F.} and {Karampelas, A.} and {Kochoska, A.} and {Kohley, R.} and {Kolenberg, K.} and {Kontizas, E.} and {Koposov, S. E.} and {Kordopatis, G.} and {Koubsky, P.} and {Kowalczyk, A.} and {Krone-Martins, A.} and {Kudryashova, M.} and {Kull, I.} and {Bachchan, R. K.} and {Lacoste-Seris, F.} and {Lanza, A. F.} and {Lavigne, J.-B.} and {Le Poncin-Lafitte, C.} and {Lebreton, Y.} and {Lebzelter, T.} and {Leccia, S.} and {Leclerc, N.} and {Lecoeur-Taibi, I.} and {Lemaitre, V.} and {Lenhardt, H.} and {Leroux, F.} and {Liao, S.} and {Licata, E.} and {Lindstrøm, H. E. P.} and {Lister, T. A.} and {Livanou, E.} and {Lobel, A.} and {Löffler, W.} and {López, M.} and {Lopez-Lozano, A.} and {Lorenz, D.} and {Loureiro, T.} and {MacDonald, I.} and {Magalhães Fernandes, T.} and {Managau, S.} and {Mann, R. G.} and {Mantelet, G.} and {Marchal, O.} and {Marchant, J. M.} and {Marconi, M.} and {Marie, J.} and {Marinoni, S.} and {Marrese, P. M.} and {Marschalkó, G.} and {Marshall, D. J.} and {Martín-Fleitas, J. M.} and {Martino, M.} and {Mary, N.} and {Matijevič, G.} and {Mazeh, T.} and {McMillan, P. J.} and {Messina, S.} and {Mestre, A.} and {Michalik, D.} and {Millar, N. R.} and {Miranda, B. M. H.} and {Molina, D.} and {Molinaro, R.} and {Molinaro, M.} and {Molnár, L.} and {Moniez, M.} and {Montegriffo, P.} and {Monteiro, D.} and {Mor, R.} and {Mora, A.} and {Morbidelli, R.} and {Morel, T.} and {Morgenthaler, S.} and {Morley, T.} and {Morris, D.} and {Mulone, A. F.} and {Muraveva, T.} and {Musella, I.} and {Narbonne, J.} and {Nelemans, G.} and {Nicastro, L.} and {Noval, L.} and {Ordénovic, C.} and {Ordieres-Meré, J.} and {Osborne, P.} and {Pagani, C.} and {Pagano, I.} and {Pailler, F.} and {Palacin, H.} and {Palaversa, L.} and {Parsons, P.} and {Paulsen, T.} and {Pecoraro, M.} and {Pedrosa, R.} and {Pentikäinen, H.} and {Pereira, J.} and {Pichon, B.} and {Piersimoni, A. M.} and {Pineau, F.-X.} and {Plachy, E.} and {Plum, G.} and {Poujoulet, E.} and {Prša, A.} and {Pulone, L.} and {Ragaini, S.} and {Rago, S.} and {Rambaux, N.} and {Ramos-Lerate, M.} and {Ranalli, P.} and {Rauw, G.} and {Read, A.} and {Regibo, S.} and {Renk, F.} and {Reylé, C.} and {Ribeiro, R. A.} and {Rimoldini, L.} and {Ripepi, V.} and {Riva, A.} and {Rixon, G.} and {Roelens, M.} and {Romero-Gómez, M.} and {Rowell, N.} and {Royer, F.} and {Rudolph, A.} and {Ruiz-Dern, L.} and {Sadowski, G.} and {Sagristà Sellés, T.} and {Sahlmann, J.} and {Salgado, J.} and {Salguero, E.} and {Sarasso, M.} and {Savietto, H.} and {Schnorhk, A.} and {Schultheis, M.} and {Sciacca, E.} and {Segol, M.} and {Segovia, J. C.} and {Segransan, D.} and {Serpell, E.} and {Shih, I-C.} and {Smareglia, R.} and {Smart, R. L.} and {Smith, C.} and {Solano, E.} and {Solitro, F.} and {Sordo, R.} and {Soria Nieto, S.} and {Souchay, J.} and {Spagna, A.} and {Spoto, F.} and {Stampa, U.} and {Steele, I. A.} and {Steidelmüller, H.} and {Stephenson, C. A.} and {Stoev, H.} and {Suess, F. F.} and {Süveges, M.} and {Surdej, J.} and {Szabados, L.} and {Szegedi-Elek, E.} and {Tapiador, D.} and {Taris, F.} and {Tauran, G.} and {Taylor, M. B.} and {Teixeira, R.} and {Terrett, D.} and {Tingley, B.} and {Trager, S. C.} and {Turon, C.} and {Ulla, A.} and {Utrilla, E.} and {Valentini, G.} and {van Elteren, A.} and {Van Hemelryck, E.} and {van Leeuwen, M.} and {Varadi, M.} and {Vecchiato, A.} and {Veljanoski, J.} and {Via, T.} and {Vicente, D.} and {Vogt, S.} and {Voss, H.} and {Votruba, V.} and {Voutsinas, S.} and {Walmsley, G.} and {Weiler, M.} and {Weingrill, K.} and {Werner, D.} and {Wevers, T.} and {Whitehead, G.} and {Wyrzykowski, Ł.} and {Yoldas, A.} and {Žerjal, M.} and {Zucker, S.} and {Zurbach, C.} and {Zwitter, T.} and {Alecu, A.} and {Allen, M.} and {Allende Prieto, C.} and {Amorim, A.} and {Anglada-Escudé, G.} and {Arsenijevic, V.} and {Azaz, S.} and {Balm, P.} and {Beck, M.} and {Bernstein, H.-H.} and {Bigot, L.} and {Bijaoui, A.} and {Blasco, C.} and {Bonfigli, M.} and {Bono, G.} and {Boudreault, S.} and {Bressan, A.} and {Brown, S.} and {Brunet, P.-M.} and {Bunclark, P.} and {Buonanno, R.} and {Butkevich, A. G.} and {Carret, C.} and {Carrion, C.} and {Chemin, L.} and {Chéreau, F.} and {Corcione, L.} and {Darmigny, E.} and {de Boer, K. S.} and {de Teodoro, P.} and {de Zeeuw, P. T.} and {Delle Luche, C.} and {Domingues, C. D.} and {Dubath, P.} and {Fodor, F.} and {Frézouls, B.} and {Fries, A.} and {Fustes, D.} and {Fyfe, D.} and {Gallardo, E.} and {Gallegos, J.} and {Gardiol, D.} and {Gebran, M.} and {Gomboc, A.} and {Gómez, A.} and {Grux, E.} and {Gueguen, A.} and {Heyrovsky, A.} and {Hoar, J.} and {Iannicola, G.} and {Isasi Parache, Y.} and {Janotto, A.-M.} and {Joliet, E.} and {Jonckheere, A.} and {Keil, R.} and {Kim, D.-W.} and {Klagyivik, P.} and {Klar, J.} and {Knude, J.} and {Kochukhov, O.} and {Kolka, I.} and {Kos, J.} and {Kutka, A.} and {Lainey, V.} and {LeBouquin, D.} and {Liu, C.} and {Loreggia, D.} and {Makarov, V. V.} and {Marseille, M. G.} and {Martayan, C.} and {Martinez-Rubi, O.} and {Massart, B.} and {Meynadier, F.} and {Mignot, S.} and {Munari, U.} and {Nguyen, A.-T.} and {Nordlander, T.} and {Ocvirk, P.} and {O’Flaherty, K. S.} and {Olias Sanz, A.} and {Ortiz, P.} and {Osorio, J.} and {Oszkiewicz, D.} and {Ouzounis, A.} and {Palmer, M.} and {Park, P.} and {Pasquato, E.} and {Peltzer, C.} and {Peralta, J.} and {Péturaud, F.} and {Pieniluoma, T.} and {Pigozzi, E.} and {Poels, J.} and {Prat, G.} and {Prod’homme, T.} and {Raison, F.} and {Rebordao, J. M.} and {Risquez, D.} and {Rocca-Volmerange, B.} and {Rosen, S.} and {Ruiz-Fuertes, M. I.} and {Russo, F.} and {Sembay, S.} and {Serraller Vizcaino, I.} and {Short, A.} and {Siebert, A.} and {Silva, H.} and {Sinachopoulos, D.} and {Slezak, E.} and {Soffel, M.} and {Sosnowska, D.} and {Straižys, V.} and {ter Linden, M.} and {Terrell, D.} and {Theil, S.} and {Tiede, C.} and {Troisi, L.} and {Tsalmantza, P.} and {Tur, D.} and {Vaccari, M.} and {Vachier, F.} and {Valles, P.} and {Van Hamme, W.} and {Veltz, L.} and {Virtanen, J.} and {Wallut, J.-M.} and {Wichmann, R.} and {Wilkinson, M. I.} and {Ziaeepour, H.} and {Zschocke, S.}},
	title = {The GAIA Mission},
	DOI= "10.1051/0004-6361/201629272",
	url= "https://doi.org/10.1051/0004-6361/201629272",
	journal = {Astronomy and Astrophysics},
	year = 2016,
	volume = 595,
	pages = "A1",
}

@misc{DPDD,
	author = {{Juri\'c}, M. and Lupton, R.~H. and Axelrod, T. and Bosch, J.~F. and Dubois-Felsmann, G.~P. and
	Ivezi{\'c}, {\v{Z}}. and Becker, A.~C. and Becla, J. and Connolly, A.~J. and Freemon, M. and Kantor, J.
	and Lim, K-T  and Shaw, R. and Strauss, M.~A. and Tyson, J.~A.},
	title = {LSST Data Products Definition Document},
	year = 2013,
	url = {http://ls.st/LSE-163}
}

@ARTICLE{tian17,
   author = {{Tian}, H.-J. and {Gupta}, P. and {Sesar}, B. and {Rix}, H.-W. and
	{Martin}, N.~F. and {Liu}, C. and {Goldman}, B. and {Platais}, I. and
	{Kudritzki}, R.-P. and {Waters}, C.~Z.},
    title = "{A Gaia-PS1-SDSS (GPS1) Proper Motion Catalog Covering 3/4 of the Sky}",
  journal = {\apjs},
archivePrefix = "arXiv",
   eprint = {1703.06278},
 keywords = {astrometry, catalogs, Galaxy: kinematics and dynamics, proper motions},
     year = 2017,
    month = sep,
   volume = 232,
      eid = {4},
    pages = {4},
      doi = {10.3847/1538-4365/aa826a},
   adsurl = {http://adsabs.harvard.edu/abs/2017ApJS..232....4T},
  adsnote = {Provided by the SAO/NASA Astrophysics Data System}
}

@ARTICLE{schlafly18,
   author = {{Schlafly}, E.~F. and {Green}, G.~M. and {Lang}, D. and {Daylan}, T. and
	{Finkbeiner}, D.~P. and {Lee}, A. and {Meisner}, A.~M. and {Schlegel}, D. and
	{Valdes}, F.},
    title = "{The DECam Plane Survey: Optical Photometry of Two Billion Objects in the Southern Galactic Plane}",
  journal = {\apjs},
archivePrefix = "arXiv",
   eprint = {1710.01309},
 keywords = {catalogs, surveys, techniques: photometric },
     year = 2018,
    month = feb,
   volume = 234,
      eid = {39},
    pages = {39},
      doi = {10.3847/1538-4365/aaa3e2},
   adsurl = {http://adsabs.harvard.edu/abs/2018ApJS..234...39S},
  adsnote = {Provided by the SAO/NASA Astrophysics Data System}
}

@ARTICLE{bonaca12,
   author = {{Bonaca}, A. and {Juri{\'c}}, M. and {Ivezi{\'c}}, {\v Z}. and
	{Bizyaev}, D. and {Brewington}, H. and {Malanushenko}, E. and
	{Malanushenko}, V. and {Oravetz}, D. and {Pan}, K. and {Shelden}, A. and
	{Simmons}, A. and {Snedden}, S.},
    title = "{Update on the Nature of Virgo Overdensity}",
  journal = {\aj},
archivePrefix = "arXiv",
   eprint = {1202.6367},
 keywords = {Galaxy: formation, Galaxy: halo, Galaxy: structure},
     year = 2012,
    month = may,
   volume = 143,
      eid = {105},
    pages = {105},
      doi = {10.1088/0004-6256/143/5/105},
   adsurl = {http://adsabs.harvard.edu/abs/2012AJ....143..105B},
  adsnote = {Provided by the SAO/NASA Astrophysics Data System}
}

@BOOK{nwnh,
  author    = "{National Research Council}",
  title     = "New Worlds, New Horizons in Astronomy and Astrophysics",
  isbn      = "978-0-309-15799-5",
  doi       = "10.17226/12951",
  abstract  = "Driven by discoveries, and enabled by leaps in technology and imagination, our understanding of the universe has changed dramatically during the course of the last few decades. The fields of astronomy and astrophysics are making new connections to physics, chemistry, biology, and computer science. Based on a broad and comprehensive survey of scientific opportunities, infrastructure, and organization in a national and international context, New Worlds, New Horizons in Astronomy and Astrophysics outlines a plan for ground- and space- based astronomy and astrophysics for the decade of the 2010's.\nRealizing these scientific opportunities is contingent upon maintaining and strengthening the foundations of the research enterprise including technological development, theory, computation and data handling, laboratory experiments, and human resources. New Worlds, New Horizons in Astronomy and Astrophysics proposes enhancing innovative but moderate-cost programs in space and on the ground that will enable the community to respond rapidly and flexibly to new scientific discoveries. The book recommends beginning construction on survey telescopes in space and on the ground to investigate the nature of dark energy, as well as the next generation of large ground-based giant optical telescopes and a new class of space-based gravitational observatory to observe the merging of distant black holes and precisely test theories of gravity.\nNew Worlds, New Horizons in Astronomy and Astrophysics recommends a balanced and executable program that will support research surrounding the most profound questions about the cosmos. The discoveries ahead will facilitate the search for habitable planets, shed light on dark energy and dark matter, and aid our understanding of the history of the universe and how the earliest stars and galaxies formed. The book is a useful resource for agencies supporting the field of astronomy and astrophysics, the Congressional committees with jurisdiction over those agencies, the scientific community, and the public.\n ",
  url       = "https://www.nap.edu/catalog/12951/new-worlds-new-horizons-in-astronomy-and-astrophysics",
  year      = 2010,
  publisher = "The National Academies Press",
  address   = "Washington, DC"
}


@ARTICLE{juric08,
   author = {{Juri{\'c}}, M. and {Ivezi{\'c}}, {\v Z}. and {Brooks}, A. and
	{Lupton}, R.~H. and {Schlegel}, D. and {Finkbeiner}, D. and
	{Padmanabhan}, N. and {Bond}, N. and {Sesar}, B. and {Rockosi}, C.~M. and
	{Knapp}, G.~R. and {Gunn}, J.~E. and {Sumi}, T. and {Schneider}, D.~P. and
	{Barentine}, J.~C. and {Brewington}, H.~J. and {Brinkmann}, J. and
	{Fukugita}, M. and {Harvanek}, M. and {Kleinman}, S.~J. and
	{Krzesinski}, J. and {Long}, D. and {Neilsen}, Jr., E.~H. and
	{Nitta}, A. and {Snedden}, S.~A. and {York}, D.~G.},
    title = "{The Milky Way Tomography with SDSS. I. Stellar Number Density Distribution}",
  journal = {\apj},
   eprint = {astro-ph/0510520},
 keywords = {Galaxy: disk, Galaxy: fundamental parameters, Galaxy: halo, Galaxy: structure},
     year = 2008,
    month = feb,
   volume = 673,
      eid = {864-914},
    pages = {864-914},
      doi = {10.1086/523619},
   adsurl = {http://adsabs.harvard.edu/abs/2008ApJ...673..864J},
  adsnote = {Provided by the SAO/NASA Astrophysics Data System}
}

@ARTICLE{belokurov06,
   author = {{Belokurov}, V. and {Zucker}, D.~B. and {Evans}, N.~W. and {Gilmore}, G. and
	{Vidrih}, S. and {Bramich}, D.~M. and {Newberg}, H.~J. and {Wyse}, R.~F.~G. and
	{Irwin}, M.~J. and {Fellhauer}, M. and {Hewett}, P.~C. and {Walton}, N.~A. and
	{Wilkinson}, M.~I. and {Cole}, N. and {Yanny}, B. and {Rockosi}, C.~M. and
	{Beers}, T.~C. and {Bell}, E.~F. and {Brinkmann}, J. and {Ivezi{\'c}}, {\v Z}. and
	{Lupton}, R.},
    title = "{The Field of Streams: Sagittarius and Its Siblings}",
  journal = {\apjl},
   eprint = {astro-ph/0605025},
 keywords = {Galaxies: Individual: Name: Sagittarius dSph, Galaxies: Kinematics and Dynamics, Galaxies: Structure, Galaxy: Halo, Galaxies: Local Group},
     year = 2006,
    month = may,
   volume = 642,
    pages = {L137-L140},
      doi = {10.1086/504797},
   adsurl = {http://adsabs.harvard.edu/abs/2006ApJ...642L.137B},
  adsnote = {Provided by the SAO/NASA Astrophysics Data System}
}

@ARTICLE{ivezic08,
   author = {{Ivezi{\'c}}, {\v Z}. and {Sesar}, B. and {Juri{\'c}}, M. and
	{Bond}, N. and {Dalcanton}, J. and {Rockosi}, C.~M. and {Yanny}, B. and
	{Newberg}, H.~J. and {Beers}, T.~C. and {Allende Prieto}, C. and
	{Wilhelm}, R. and {Lee}, Y.~S. and {Sivarani}, T. and {Norris}, J.~E. and
	{Bailer-Jones}, C.~A.~L. and {Re Fiorentin}, P. and {Schlegel}, D. and
	{Uomoto}, A. and {Lupton}, R.~H. and {Knapp}, G.~R. and {Gunn}, J.~E. and
	{Covey}, K.~R. and {Allyn Smith}, J. and {Miknaitis}, G. and
	{Doi}, M. and {Tanaka}, M. and {Fukugita}, M. and {Kent}, S. and
	{Finkbeiner}, D. and {Munn}, J.~A. and {Pier}, J.~R. and {Quinn}, T. and
	{Hawley}, S. and {Anderson}, S. and {Kiuchi}, F. and {Chen}, A. and
	{Bushong}, J. and {Sohi}, H. and {Haggard}, D. and {Kimball}, A. and
	{Barentine}, J. and {Brewington}, H. and {Harvanek}, M. and
	{Kleinman}, S. and {Krzesinski}, J. and {Long}, D. and {Nitta}, A. and
	{Snedden}, S. and {Lee}, B. and {Harris}, H. and {Brinkmann}, J. and
	{Schneider}, D.~P. and {York}, D.~G.},
    title = "{The Milky Way Tomography with SDSS. II. Stellar Metallicity}",
  journal = {\apj},
archivePrefix = "arXiv",
   eprint = {0804.3850},
 keywords = {Galaxy: halo, Galaxy: kinematics and dynamics, Galaxy: stellar content, Galaxy: structure, methods: data analysis, stars: statistics},
     year = 2008,
    month = sep,
   volume = 684,
      eid = {287-325},
    pages = {287-325},
      doi = {10.1086/589678},
   adsurl = {http://adsabs.harvard.edu/abs/2008ApJ...684..287I},
  adsnote = {Provided by the SAO/NASA Astrophysics Data System}
}

@ARTICLE{slater14,
   author = {{Slater}, C.~T. and {Bell}, E.~F. and {Schlafly}, E.~F. and
	{Morganson}, E. and {Martin}, N.~F. and {Rix}, H.-W. and {Pe{\~n}arrubia}, J. and
	{Bernard}, E.~J. and {Ferguson}, A.~M.~N. and {Martinez-Delgado}, D. and
	{Wyse}, R.~F.~G. and {Burgett}, W.~S. and {Chambers}, K.~C. and
	{Draper}, P.~W. and {Hodapp}, K.~W. and {Kaiser}, N. and {Magnier}, E.~A. and
	{Metcalfe}, N. and {Price}, P.~A. and {Tonry}, J.~L. and {Wainscoat}, R.~J. and
	{Waters}, C.},
    title = "{The Complex Structure of Stars in the Outer Galactic Disk as Revealed by Pan-STARRS1}",
  journal = {\apj},
archivePrefix = "arXiv",
   eprint = {1406.6368},
 keywords = {galaxies: evolution, galaxies: interactions, Galaxy: disk, Galaxy: structure},
     year = 2014,
    month = aug,
   volume = 791,
      eid = {9},
    pages = {9},
      doi = {10.1088/0004-637X/791/1/9},
   adsurl = {http://adsabs.harvard.edu/abs/2014ApJ...791....9S},
  adsnote = {Provided by the SAO/NASA Astrophysics Data System}
}


@ARTICLE{eisenstein05,
   author = {{Eisenstein}, D.~J. and {Zehavi}, I. and {Hogg}, D.~W. and {Scoccimarro}, R. and
	{Blanton}, M.~R. and {Nichol}, R.~C. and {Scranton}, R. and
	{Seo}, H.-J. and {Tegmark}, M. and {Zheng}, Z. and {Anderson}, S.~F. and
	{Annis}, J. and {Bahcall}, N. and {Brinkmann}, J. and {Burles}, S. and
	{Castander}, F.~J. and {Connolly}, A. and {Csabai}, I. and {Doi}, M. and
	{Fukugita}, M. and {Frieman}, J.~A. and {Glazebrook}, K. and
	{Gunn}, J.~E. and {Hendry}, J.~S. and {Hennessy}, G. and {Ivezi{\'c}}, Z. and
	{Kent}, S. and {Knapp}, G.~R. and {Lin}, H. and {Loh}, Y.-S. and
	{Lupton}, R.~H. and {Margon}, B. and {McKay}, T.~A. and {Meiksin}, A. and
	{Munn}, J.~A. and {Pope}, A. and {Richmond}, M.~W. and {Schlegel}, D. and
	{Schneider}, D.~P. and {Shimasaku}, K. and {Stoughton}, C. and
	{Strauss}, M.~A. and {SubbaRao}, M. and {Szalay}, A.~S. and
	{Szapudi}, I. and {Tucker}, D.~L. and {Yanny}, B. and {York}, D.~G.
	},
    title = "{Detection of the Baryon Acoustic Peak in the Large-Scale Correlation Function of SDSS Luminous Red Galaxies}",
  journal = {\apj},
   eprint = {astro-ph/0501171},
 keywords = {Cosmology: Cosmic Microwave Background, Cosmology: Cosmological Parameters, Cosmology: Observations, Cosmology: Distance Scale, Galaxies: Elliptical and Lenticular, cD, Cosmology: Large-Scale Structure of Universe},
     year = 2005,
    month = nov,
   volume = 633,
    pages = {560-574},
      doi = {10.1086/466512},
   adsurl = {http://adsabs.harvard.edu/abs/2005ApJ...633..560E},
  adsnote = {Provided by the SAO/NASA Astrophysics Data System}
}


@ARTICLE{DES17,
   author = {{DES Collaboration} and {Abbott}, T.~M.~C. and {Abdalla}, F.~B. and
	{Alarcon}, A. and {Aleksi{\'c}}, J. and {Allam}, S. and {Allen}, S. and
	{Amara}, A. and {Annis}, J. and {Asorey}, J. and {Avila}, S. and
	{Bacon}, D. and {Balbinot}, E. and {Banerji}, M. and {Banik}, N. and
	{Barkhouse}, W. and {Baumer}, M. and {Baxter}, E. and {Bechtol}, K. and
	{Becker}, M.~R. and {Benoit-L{\'e}vy}, A. and {Benson}, B.~A. and
	{Bernstein}, G.~M. and {Bertin}, E. and {Blazek}, J. and {Bridle}, S.~L. and
	{Brooks}, D. and {Brout}, D. and {Buckley-Geer}, E. and {Burke}, D.~L. and
	{Busha}, M.~T. and {Capozzi}, D. and {Carnero Rosell}, A. and
	{Carrasco Kind}, M. and {Carretero}, J. and {Castander}, F.~J. and
	{Cawthon}, R. and {Chang}, C. and {Chen}, N. and {Childress}, M. and
	{Choi}, A. and {Conselice}, C. and {Crittenden}, R. and {Crocce}, M. and
	{Cunha}, C.~E. and {D'Andrea}, C.~B. and {da Costa}, L.~N. and
	{Das}, R. and {Davis}, T.~M. and {Davis}, C. and {De Vicente}, J. and
	{DePoy}, D.~L. and {DeRose}, J. and {Desai}, S. and {Diehl}, H.~T. and
	{Dietrich}, J.~P. and {Dodelson}, S. and {Doel}, P. and {Drlica-Wagner}, A. and
	{Eifler}, T.~F. and {Elliott}, A.~E. and {Elsner}, F. and {Elvin-Poole}, J. and
	{Estrada}, J. and {Evrard}, A.~E. and {Fang}, Y. and {Fernandez}, E. and
	{Fert{\'e}}, A. and {Finley}, D.~A. and {Flaugher}, B. and {Fosalba}, P. and
	{Friedrich}, O. and {Frieman}, J. and {Garc{\'{\i}}a-Bellido}, J. and
	{Garcia-Fernandez}, M. and {Gatti}, M. and {Gaztanaga}, E. and
	{Gerdes}, D.~W. and {Giannantonio}, T. and {Gill}, M.~S.~S. and
	{Glazebrook}, K. and {Goldstein}, D.~A. and {Gruen}, D. and
	{Gruendl}, R.~A. and {Gschwend}, J. and {Gutierrez}, G. and
	{Hamilton}, S. and {Hartley}, W.~G. and {Hinton}, S.~R. and
	{Honscheid}, K. and {Hoyle}, B. and {Huterer}, D. and {Jain}, B. and
	{James}, D.~J. and {Jarvis}, M. and {Jeltema}, T. and {Johnson}, M.~D. and
	{Johnson}, M.~W.~G. and {Kacprzak}, T. and {Kent}, S. and {Kim}, A.~G. and
	{King}, A. and {Kirk}, D. and {Kokron}, N. and {Kovacs}, A. and
	{Krause}, E. and {Krawiec}, C. and {Kremin}, A. and {Kuehn}, K. and
	{Kuhlmann}, S. and {Kuropatkin}, N. and {Lacasa}, F. and {Lahav}, O. and
	{Li}, T.~S. and {Liddle}, A.~R. and {Lidman}, C. and {Lima}, M. and
	{Lin}, H. and {MacCrann}, N. and {Maia}, M.~A.~G. and {Makler}, M. and
	{Manera}, M. and {March}, M. and {Marshall}, J.~L. and {Martini}, P. and
	{McMahon}, R.~G. and {Melchior}, P. and {Menanteau}, F. and
	{Miquel}, R. and {Miranda}, V. and {Mudd}, D. and {Muir}, J. and
	{M{\"o}ller}, A. and {Neilsen}, E. and {Nichol}, R.~C. and {Nord}, B. and
	{Nugent}, P. and {Ogando}, R.~L.~C. and {Palmese}, A. and {Peacock}, J. and
	{Peiris}, H.~V. and {Peoples}, J. and {Percival}, W.~J. and
	{Petravick}, D. and {Plazas}, A.~A. and {Porredon}, A. and {Prat}, J. and
	{Pujol}, A. and {Rau}, M.~M. and {Refregier}, A. and {Ricker}, P.~M. and
	{Roe}, N. and {Rollins}, R.~P. and {Romer}, A.~K. and {Roodman}, A. and
	{Rosenfeld}, R. and {Ross}, A.~J. and {Rozo}, E. and {Rykoff}, E.~S. and
	{Sako}, M. and {Salvador}, A.~I. and {Samuroff}, S. and {S{\'a}nchez}, C. and
	{Sanchez}, E. and {Santiago}, B. and {Scarpine}, V. and {Schindler}, R. and
	{Scolnic}, D. and {Secco}, L.~F. and {Serrano}, S. and {Sevilla-Noarbe}, I. and
	{Sheldon}, E. and {Smith}, R.~C. and {Smith}, M. and {Smith}, J. and
	{Soares-Santos}, M. and {Sobreira}, F. and {Suchyta}, E. and
	{Tarle}, G. and {Thomas}, D. and {Troxel}, M.~A. and {Tucker}, D.~L. and
	{Tucker}, B.~E. and {Uddin}, S.~A. and {Varga}, T.~N. and {Vielzeuf}, P. and
	{Vikram}, V. and {Vivas}, A.~K. and {Walker}, A.~R. and {Wang}, M. and
	{Wechsler}, R.~H. and {Weller}, J. and {Wester}, W. and {Wolf}, R.~C. and
	{Yanny}, B. and {Yuan}, F. and {Zenteno}, A. and {Zhang}, B. and
	{Zhang}, Y. and {Zuntz}, J.},
    title = "{Dark Energy Survey Year 1 Results: Cosmological Constraints from Galaxy Clustering and Weak Lensing}",
  journal = {ArXiv e-prints},
archivePrefix = "arXiv",
   eprint = {1708.01530},
 keywords = {Astrophysics - Cosmology and Nongalactic Astrophysics},
     year = 2017,
    month = aug,
   adsurl = {http://adsabs.harvard.edu/abs/2017arXiv170801530D},
  adsnote = {Provided by the SAO/NASA Astrophysics Data System}
}

@ARTICLE{sciencebook,
   author = {{LSST Science Collaboration} and {Abell}, P.~A. and {Allison}, J. and
	{Anderson}, S.~F. and {Andrew}, J.~R. and {Angel}, J.~R.~P. and
	{Armus}, L. and {Arnett}, D. and {Asztalos}, S.~J. and {Axelrod}, T.~S. and the LSST Project},
    title = "{LSST Science Book, Version 2.0}",
  journal = {ArXiv e-prints},
archivePrefix = "arXiv",
   eprint = {0912.0201},
 primaryClass = "astro-ph.IM",
 keywords = {Astrophysics - Instrumentation and Methods for Astrophysics, Astrophysics - Cosmology and Extragalactic Astrophysics, Astrophysics - Earth and Planetary Astrophysics, Astrophysics - Galaxy Astrophysics, Astrophysics - Solar and Stellar Astrophysics},
     year = 2009,
    month = dec,
   adsurl = {http://adsabs.harvard.edu/abs/2009arXiv0912.0201L},
  adsnote = {Provided by the SAO/NASA Astrophysics Data System}
}

@article{budavari16,
   author = {{Budav{\'a}ri}, T. and {Basu}, A.},
  title={Probabilistic Cross-identification in Crowded Fields as an Assignment Problem},
    journal = {\aj},
  volume={152},
  number={4},
  pages={86},
  url={http://stacks.iop.org/1538-3881/152/i=4/a=86},
  year={2016},
}

@article{armbrust15,
 author = {Armbrust, Michael and Das, Tathagata and Davidson, Aaron and Ghodsi, Ali and Or, Andrew and Rosen, Josh and Stoica, Ion and Wendell, Patrick and Xin, Reynold and Zaharia, Matei},
 title = {Scaling Spark in the Real World: Performance and Usability},
 journal = {Proc. VLDB Endow.},
 issue_date = {August 2015},
 volume = {8},
 number = {12},
 month = aug,
 year = {2015},
 issn = {2150-8097},
 pages = {1840--1843},
 numpages = {4},
 url = {http://dx.doi.org/10.14778/2824032.2824080},
 doi = {10.14778/2824032.2824080},
 acmid = {2824080},
 publisher = {VLDB Endowment},
}

@inproceedings{chaimov16,
 author = {Chaimov, Nicholas and Malony, Allen and Canon, Shane and Iancu, Costin and Ibrahim, Khaled Z. and Srinivasan, Jay},
 title = {Scaling Spark on HPC Systems},
 booktitle = {Proceedings of the 25th ACM International Symposium on High-Performance Parallel and Distributed Computing},
 series = {HPDC '16},
 year = {2016},
 isbn = {978-1-4503-4314-5},
 location = {Kyoto, Japan},
 pages = {97--110},
 numpages = {14},
 url = {http://doi.acm.org/10.1145/2907294.2907310},
 doi = {10.1145/2907294.2907310},
 acmid = {2907310},
 publisher = {ACM},
 address = {New York, NY, USA},
 keywords = {apache spark, berkeley data analytics stack, cray xc, lustre, shifter},
}

@inproceedings{yu15,
 author = {Yu, Jia and Wu, Jinxuan and Sarwat, Mohamed},
 title = {GeoSpark: A Cluster Computing Framework for Processing Large-scale Spatial Data},
 booktitle = {Proceedings of the 23rd SIGSPATIAL International Conference on Advances in Geographic Information Systems},
 series = {SIGSPATIAL '15},
 year = {2015},
 isbn = {978-1-4503-3967-4},
 location = {Seattle, Washington},
 pages = {70:1--70:4},
 articleno = {70},
 numpages = {4},
 url = {http://doi.acm.org/10.1145/2820783.2820860},
 doi = {10.1145/2820783.2820860},
 acmid = {2820860},
 publisher = {ACM},
 address = {New York, NY, USA},
 keywords = {cluster computing, large-scale data, spatial data},
}

@ARTICLE{loebman14,
   author = {{Loebman}, S.~R. and {Ivezi{\'c}}, {\v Z}. and {Quinn}, T.~R. and
	{Bovy}, J. and {Christensen}, C.~R. and {Juri{\'c}}, M. and
	{Ro{\v s}kar}, R. and {Brooks}, A.~M. and {Governato}, F.},
    title = "{The Milky Way Tomography with Sloan Digital Sky Survey. V. Mapping the Dark Matter Halo}",
  journal = {\apj},
archivePrefix = "arXiv",
   eprint = {1408.5388},
 keywords = {Galaxy: general, Galaxy: halo, Galaxy: kinematics and dynamics, Galaxy: structure, stars: kinematics and dynamics, stars: statistics },
     year = 2014,
    month = oct,
   volume = 794,
      eid = {151},
    pages = {151},
      doi = {10.1088/0004-637X/794/2/151},
   adsurl = {http://adsabs.harvard.edu/abs/2014ApJ...794..151L},
  adsnote = {Provided by the SAO/NASA Astrophysics Data System}
}

@ARTICLE{kelly09,
   author = {{Kelly}, B.~C. and {Bechtold}, J. and {Siemiginowska}, A.},
    title = "{Are the Variations in Quasar Optical Flux Driven by Thermal Fluctuations?}",
  journal = {\apj},
archivePrefix = "arXiv",
   eprint = {0903.5315},
 primaryClass = "astro-ph.CO",
 keywords = {accretion, accretion disks, galaxies: active, methods: data analysis, quasars: general},
     year = 2009,
    month = jun,
   volume = 698,
      eid = {895-910},
    pages = {895-910},
      doi = {10.1088/0004-637X/698/1/895},
   adsurl = {http://adsabs.harvard.edu/abs/2009ApJ...698..895K},
  adsnote = {Provided by the SAO/NASA Astrophysics Data System}
}

@ARTICLE{macleod10,
   author = {{MacLeod}, C.~L. and {Ivezi{\'c}}, {\v Z}. and {Kochanek}, C.~S. and
	{Koz{\l}owski}, S. and {Kelly}, B. and {Bullock}, E. and {Kimball}, A. and
	{Sesar}, B. and {Westman}, D. and {Brooks}, K. and {Gibson}, R. and
	{Becker}, A.~C. and {de Vries}, W.~H.},
    title = "{Modeling the Time Variability of SDSS Stripe 82 Quasars as a Damped Random Walk}",
  journal = {\apj},
archivePrefix = "arXiv",
   eprint = {1004.0276},
 primaryClass = "astro-ph.CO",
 keywords = {quasars: general},
     year = 2010,
    month = oct,
   volume = 721,
    pages = {1014-1033},
      doi = {10.1088/0004-637X/721/2/1014},
   adsurl = {http://adsabs.harvard.edu/abs/2010ApJ...721.1014M},
  adsnote = {Provided by the SAO/NASA Astrophysics Data System}
}

@ARTICLE{macleod12,
   author = {{MacLeod}, C.~L. and {Ivezi{\'c}}, {\v Z}. and {Sesar}, B. and
	{de Vries}, W. and {Kochanek}, C.~S. and {Kelly}, B.~C. and
	{Becker}, A.~C. and {Lupton}, R.~H. and {Hall}, P.~B. and {Richards}, G.~T. and
	{Anderson}, S.~F. and {Schneider}, D.~P.},
    title = "{A Description of Quasar Variability Measured Using Repeated SDSS and POSS Imaging}",
  journal = {\apj},
archivePrefix = "arXiv",
   eprint = {1112.0679},
 primaryClass = "astro-ph.CO",
 keywords = {quasars: general},
     year = 2012,
    month = jul,
   volume = 753,
      eid = {106},
    pages = {106},
      doi = {10.1088/0004-637X/753/2/106},
   adsurl = {http://adsabs.harvard.edu/abs/2012ApJ...753..106M},
  adsnote = {Provided by the SAO/NASA Astrophysics Data System}
}

@ARTICLE{macleod11,
   author = {{MacLeod}, C.~L. and {Brooks}, K. and {Ivezi{\'c}}, {\v Z}. and
	{Kochanek}, C.~S. and {Gibson}, R. and {Meisner}, A. and {Koz{\l}owski}, S. and
	{Sesar}, B. and {Becker}, A.~C. and {de Vries}, W.~H.},
    title = "{Quasar Selection Based on Photometric Variability}",
  journal = {\apj},
archivePrefix = "arXiv",
   eprint = {1009.2081},
 primaryClass = "astro-ph.CO",
 keywords = {quasars: general},
     year = 2011,
    month = feb,
   volume = 728,
      eid = {26},
    pages = {26},
      doi = {10.1088/0004-637X/728/1/26},
   adsurl = {http://adsabs.harvard.edu/abs/2011ApJ...728...26M},
  adsnote = {Provided by the SAO/NASA Astrophysics Data System}
}

@ARTICLE{kozlowski17,
   author = {{Koz{\l}owski}, S.},
    title = "{A Method to Measure the Unbiased Decorrelation Timescale of the AGN Variable Signal from Structure Functions}",
  journal = {\apj},
archivePrefix = "arXiv",
   eprint = {1701.00005},
 keywords = {accretion, accretion disks, galaxies: active, methods: data analysis, quasars: general},
     year = 2017,
    month = feb,
   volume = 835,
      eid = {250},
    pages = {250},
      doi = {10.3847/1538-4357/aa56c0},
   adsurl = {http://adsabs.harvard.edu/abs/2017ApJ...835..250K},
  adsnote = {Provided by the SAO/NASA Astrophysics Data System}
}

@ARTICLE{jackson02,
   author = {{Jackson}, T. and {Ivezi{\'c}}, {\v Z}. and {Knapp}, G.~R.},
    title = "{The Galactic distribution of asymptotic giant branch stars}",
  journal = {\mnras},
   eprint = {astro-ph/0202407},
 keywords = {stars: AGB and post-AGB, stars: evolution, stars: mass-loss},
     year = 2002,
    month = dec,
   volume = 337,
    pages = {749-767},
      doi = {10.1046/j.1365-8711.2002.05980.x},
   adsurl = {http://adsabs.harvard.edu/abs/2002MNRAS.337..749J},
  adsnote = {Provided by the SAO/NASA Astrophysics Data System}
}

@inproceedings{kluyver2016,
       booktitle = {Positioning and Power in Academic Publishing: Players, Agents and Agendas},
          editor = {Fernando Loizides and Birgit Scmidt},
           title = {Jupyter Notebooks --- a publishing format for reproducible computational workflows},
          author = {Thomas Kluyver and Benjamin Ragan-Kelley and Fernando P{\'e}rez and Brian Granger and Matthias Bussonnier and Jonathan Frederic and Kyle Kelley and Jessica Hamrick and Jason Grout and Sylvain Corlay and Paul Ivanov and Dami{\'a}n Avila and Safia Abdalla and Carol Willing and Jupyter development team},
       publisher = {IOS Press},
            year = {2016},
           pages = {87--90},
             url = {https://eprints.soton.ac.uk/403913/},
}

@article{Ragan-Kelley2014-la,
title = "Collaborative cloud-enabled tools allow rapid, reproducible biological insights",
author = "Benjamin Ragan-Kelley and Walters, {William Anton} and Daniel McDonald and Justin Riley and Granger, {Brian E.} and Antonio Gonzalez and Rob Knight and Fernando Perez and Caporaso, {J. Gregory}",
year = "2013",
month = "3",
doi = "10.1038/ismej.2012.123",
language = "English (US)",
volume = "7",
pages = "461--464",
journal = "ISME Journal",
issn = "1751-7362",
publisher = "Nature Publishing Group",
number = "3",
}

@book{Ivezic:2014:SDM:2578955,
	author = {Ivezic, Zeljko and Connolly, Andrew J. and VanderPlas, Jacob T. and Gray, Alexander},
	title = {Statistics, Data Mining, and Machine Learning in Astronomy: A Practical Python Guide for the Analysis of Survey Data},
	year = {2014},
	isbn = {0691151687, 9780691151687},
	publisher = {Princeton University Press},
	address = {Princeton, NJ, USA},
} 


@inproceedings{Pawlik2012-kc,
 author = {Pawlik, Aleksandra and Segal, Judith and Petre, Marian},
 title = {Documentation Practices in Scientific Software Development},
 booktitle = {Proceedings of the 5th International Workshop on Co-operative and Human Aspects of Software Engineering},
 series = {CHASE '12},
 year = {2012},
 isbn = {978-1-4673-1824-2},
 location = {Zurich, Switzerland},
 pages = {113--119},
 numpages = {7},
 url = {http://dl.acm.org/citation.cfm?id=2663638.2663662},
 acmid = {2663662},
 publisher = {IEEE Press},
 address = {Piscataway, NJ, USA},
 keywords = {documentation, empirical study, end-user development, scientific software development},
}

@ARTICLE{2015arXiv150703989M,
   author = {{Momcheva}, I. and {Tollerud}, E.},
    title = "{Software Use in Astronomy: an Informal Survey}",
  journal = {ArXiv e-prints},
archivePrefix = "arXiv",
   eprint = {1507.03989},
 primaryClass = "astro-ph.IM",
 keywords = {Astrophysics - Instrumentation and Methods for Astrophysics, Computer Science - Computers and Society},
     year = 2015,
    month = jul,
   adsurl = {http://adsabs.harvard.edu/abs/2015arXiv150703989M},
  adsnote = {Provided by the SAO/NASA Astrophysics Data System}
}

@ARTICLE{bosch18,
   author = {{Bosch}, J. and {Armstrong}, R. and {Bickerton}, S. and {Furusawa}, H. and
	{Ikeda}, H. and {Koike}, M. and {Lupton}, R. and {Mineo}, S. and
	{Price}, P. and {Takata}, T. and {Tanaka}, M. and {Yasuda}, N. and
	{AlSayyad}, Y. and {Becker}, A.~C. and {Coulton}, W. and {Coupon}, J. and
	{Garmilla}, J. and {Huang}, S. and {Krughoff}, K.~S. and {Lang}, D. and
	{Leauthaud}, A. and {Lim}, K.-T. and {Lust}, N.~B. and {MacArthur}, L.~A. and
	{Mandelbaum}, R. and {Miyatake}, H. and {Miyazaki}, S. and {Murata}, R. and
	{More}, S. and {Okura}, Y. and {Owen}, R. and {Swinbank}, J.~D. and
	{Strauss}, M.~A. and {Yamada}, Y. and {Yamanoi}, H.},
    title = "{The Hyper Suprime-Cam software pipeline}",
  journal = {\pasj},
archivePrefix = "arXiv",
   eprint = {1705.06766},
 primaryClass = "astro-ph.IM",
 keywords = {methods: data analysis, surveys, techniques: image processing},
     year = 2018,
    month = jan,
   volume = 70,
      eid = {S5},
    pages = {S5},
      doi = {10.1093/pasj/psx080},
   adsurl = {http://adsabs.harvard.edu/abs/2018PASJ...70S...5B},
  adsnote = {Provided by the SAO/NASA Astrophysics Data System}
}

@ARTICLE{juric15,
   author = {{Juri{\'c}}, M. and {Kantor}, J. and {Lim}, K. and {Lupton}, R.~H. and
	{Dubois-Felsmann}, G. and {Jenness}, T. and {Axelrod}, T.~S. and
	{Aleksi{\'c}}, J. and {Allsman}, R.~A. and {AlSayyad}, Y. and
	{Alt}, J. and {Armstrong}, R. and {Basney}, J. and {Becker}, A.~C. and
	{Becla}, J. and {Bickerton}, S.~J. and {Biswas}, R. and {Bosch}, J. and
	{Boutigny}, D. and {Carrasco Kind}, M. and {Ciardi}, D.~R. and
	{Connolly}, A.~J. and {Daniel}, S.~F. and {Daues}, G.~E. and
	{Economou}, F. and {Chiang}, H.-F. and {Fausti}, A. and {Fisher-Levine}, M. and
	{Freemon}, D.~M. and {Gee}, P. and {Gris}, P. and {Hernandez}, F. and
	{Hoblitt}, J. and {Ivezi{\'c}}, {\v Z}. and {Jammes}, F. and
	{Jevremovi{\'c}}, D. and {Jones}, R.~L. and {Bryce Kalmbach}, J. and
	{Kasliwal}, V.~P. and {Krughoff}, K.~S. and {Lang}, D. and {Lurie}, J. and
	{Lust}, N.~B. and {Mullally}, F. and {MacArthur}, L.~A. and
	{Melchior}, P. and {Moeyens}, J. and {Nidever}, D.~L. and {Owen}, R. and
	{Parejko}, J.~K and {Peterson}, J.~M. and {Petravick}, D. and
	{Pietrowicz}, S.~R. and {Price}, P.~A. and {Reiss}, D.~J. and
	{Shaw}, R.~A. and {Sick}, J. and {Slater}, C.~T. and {Strauss}, M.~A. and
	{Sullivan}, I.~S. and {Swinbank}, J.~D. and {Van Dyk}, S. and
	{Vuj{\v c}i{\'c}}, V. and {Withers}, A. and {Yoachim}, P. and
	{LSST Project}, f.~t.},
    title = "{The LSST Data Management System}",
  journal = {ArXiv e-prints},
archivePrefix = "arXiv",
   eprint = {1512.07914},
 primaryClass = "astro-ph.IM",
 keywords = {Astrophysics - Instrumentation and Methods for Astrophysics},
     year = 2015,
    month = dec,
   adsurl = {http://adsabs.harvard.edu/abs/2015arXiv151207914J},
  adsnote = {Provided by the SAO/NASA Astrophysics Data System}
}

@INPROCEEDINGS{ivezic17,
   author = {{Ivezi{\'c}}, {\v Z}. and {Connolly}, A.~J. and {Juri{\'c}}, M.
	},
    title = "{Everything we'd like to do with LSST data, but we don't know (yet) how}",
 keywords = {surveys, galaxies, stars: statistics,},
booktitle = {Astroinformatics},
     year = 2017,
   series = {IAU Symposium},
   volume = 325,
archivePrefix = "arXiv",
   eprint = {1612.04772},
 primaryClass = "astro-ph.IM",
   editor = {{Brescia}, M. and {Djorgovski}, S.~G. and {Feigelson}, E.~D. and
	{Longo}, G. and {Cavuoti}, S.},
    month = jun,
    pages = {93-102},
      doi = {10.1017/S1743921316013156},
   adsurl = {http://adsabs.harvard.edu/abs/2017IAUS..325...93I},
  adsnote = {Provided by the SAO/NASA Astrophysics Data System}
}

@ARTICLE{jones18,
   author = {{Jones}, R.~L. and {Slater}, C.~T. and {Moeyens}, J. and {Allen}, L. and
	{Axelrod}, T. and {Cook}, K. and {Ivezi{\'c}}, {\v Z}. and {Juri{\'c}}, M. and
	{Myers}, J. and {Petry}, C.~E.},
    title = "{The Large Synoptic Survey Telescope as a Near-Earth Object discovery machine}",
  journal = {\icarus},
archivePrefix = "arXiv",
   eprint = {1711.10621},
 primaryClass = "astro-ph.EP",
 keywords = {Near-Earth objects, Image processing, Asteroids},
     year = 2018,
    month = mar,
   volume = 303,
    pages = {181-202},
      doi = {10.1016/j.icarus.2017.11.033},
   adsurl = {http://adsabs.harvard.edu/abs/2018Icar..303..181J},
  adsnote = {Provided by the SAO/NASA Astrophysics Data System}
}

@inproceedings{maas15,
 author = {Maas, Ryan and Hyrkas, Jeremy and Telford, Olivia Grace and Balazinska, Magdalena and Connolly, Andrew and Howe, Bill},
 title = {Gaussian Mixture Models Use-Case: In-Memory Analysis with Myria},
 booktitle = {Proceedings of the 3rd VLDB Workshop on In-Memory Data Mangement and Analytics},
 series = {IMDM '15},
 year = {2015},
 isbn = {978-1-4503-3713-7},
 location = {Kohala Coast, HI, USA},
 pages = {3:1--3:8},
 articleno = {3},
 numpages = {8},
 url = {http://doi.acm.org/10.1145/2803140.2803143},
 doi = {10.1145/2803140.2803143},
 acmid = {2803143},
 publisher = {ACM},
 address = {New York, NY, USA},
}

@INPROCEEDINGS{diehl11,
   author = {{Diehl}, H.~T.},
    title = "{The Dark Energy Survey Camera (DECam) and Upgrade (DESpec)}",
booktitle = {American Astronomical Society Meeting Abstracts \#217},
     year = 2011,
   series = {Bulletin of the American Astronomical Society},
   volume = 43,
    month = jan,
      eid = {239.02},
    pages = {239.02},
   adsurl = {http://adsabs.harvard.edu/abs/2011AAS...21723902D},
  adsnote = {Provided by the SAO/NASA Astrophysics Data System}
}

@INPROCEEDINGS{doi:10.1117/12.457365,
   author = {{Kaiser}, N. and {Aussel}, H. and {Burke}, B.~E. and {Boesgaard}, H. and
	{Chambers}, K. and {Chun}, M.~R. and {Heasley}, J.~N. and {Hodapp}, K.-W. and
	{Hunt}, B. and {Jedicke}, R. and {Jewitt}, D. and {Kudritzki}, R. and
	{Luppino}, G.~A. and {Maberry}, M. and {Magnier}, E. and {Monet}, D.~G. and
	{Onaka}, P.~M. and {Pickles}, A.~J. and {Rhoads}, P.~H.~H. and
	{Simon}, T. and {Szalay}, A. and {Szapudi}, I. and {Tholen}, D.~J. and
	{Tonry}, J.~L. and {Waterson}, M. and {Wick}, J.},
    title = "{Pan-STARRS: A Large Synoptic Survey Telescope Array}",
booktitle = {Survey and Other Telescope Technologies and Discoveries},
     year = 2002,
   series = {\procspie},
   volume = 4836,
   editor = {{Tyson}, J.~A. and {Wolff}, S.},
    month = dec,
    pages = {154-164},
      doi = {10.1117/12.457365},
   adsurl = {http://adsabs.harvard.edu/abs/2002SPIE.4836..154K},
  adsnote = {Provided by the SAO/NASA Astrophysics Data System}
}

@ARTICLE{tonry18,
   author = {{Tonry}, J.~L. and {Denneau}, L. and {Heinze}, A.~N. and {Stalder}, B. and
	{Smith}, K.~W. and {Smartt}, S.~J. and {Stubbs}, C.~W. and {Weiland}, H.~J. and
	{Rest}, A.},
    title = "{ATLAS: A High-Cadence All-Sky Survey System}",
  journal = {ArXiv e-prints},
archivePrefix = "arXiv",
   eprint = {1802.00879},
 primaryClass = "astro-ph.IM",
 keywords = {Astrophysics - Instrumentation and Methods for Astrophysics},
     year = 2018,
    month = feb,
   adsurl = {http://adsabs.harvard.edu/abs/2018arXiv180200879T},
  adsnote = {Provided by the SAO/NASA Astrophysics Data System}
}

@INPROCEEDINGS{miyazaki12,
   author = {{Miyazaki}, S. and {Komiyama}, Y. and {Nakaya}, H. and {Kamata}, Y. and
	{Doi}, Y. and {Hamana}, T. and {Karoji}, H. and {Furusawa}, H. and
	{Kawanomoto}, S. and {Morokuma}, T. and {Ishizuka}, Y. and {Nariai}, K. and
	{Tanaka}, Y. and {Uraguchi}, F. and {Utsumi}, Y. and {Obuchi}, Y. and
	{Okura}, Y. and {Oguri}, M. and {Takata}, T. and {Tomono}, D. and
	{Kurakami}, T. and {Namikawa}, K. and {Usuda}, T. and {Yamanoi}, H. and
	{Terai}, T. and {Uekiyo}, H. and {Yamada}, Y. and {Koike}, M. and
	{Aihara}, H. and {Fujimori}, Y. and {Mineo}, S. and {Miyatake}, H. and
	{Yasuda}, N. and {Nishizawa}, J. and {Saito}, T. and {Tanaka}, M. and
	{Uchida}, T. and {Katayama}, N. and {Wang}, S.-Y. and {Chen}, H.-Y. and
	{Lupton}, R. and {Loomis}, C. and {Bickerton}, S. and {Price}, P. and
	{Gunn}, J. and {Suzuki}, H. and {Miyazaki}, Y. and {Muramatsu}, M. and
	{Yamamoto}, K. and {Endo}, M. and {Ezaki}, Y. and {Itoh}, N. and
	{Miwa}, Y. and {Yokota}, H. and {Matsuda}, T. and {Ebinuma}, R. and
	{Takeshi}, K.},
    title = "{Hyper Suprime-Cam}",
booktitle = {Ground-based and Airborne Instrumentation for Astronomy IV},
     year = 2012,
   series = {\procspie},
   volume = 8446,
    month = sep,
      eid = {84460Z},
    pages = {84460Z},
      doi = {10.1117/12.926844},
   adsurl = {http://adsabs.harvard.edu/abs/2012SPIE.8446E..0ZM},
  adsnote = {Provided by the SAO/NASA Astrophysics Data System}
}

@INPROCEEDINGS{gehrels15,
   author = {{Gehrels}, N. and {Spergel}, D. and {WFIRST SDT Project}},
    title = "{Wide-Field InfraRed Survey Telescope (WFIRST) Mission and Synergies with LISA and LIGO-Virgo}",
booktitle = {Journal of Physics Conference Series},
     year = 2015,
   series = {Journal of Physics Conference Series},
   volume = 610,
archivePrefix = "arXiv",
   eprint = {1411.0313},
 primaryClass = "astro-ph.IM",
    month = may,
      eid = {012007},
    pages = {012007},
      doi = {10.1088/1742-6596/610/1/012007},
   adsurl = {http://adsabs.harvard.edu/abs/2015JPhCS.610a2007G},
  adsnote = {Provided by the SAO/NASA Astrophysics Data System}
}

@INPROCEEDINGS{2014htu..conf...27B,
   author = {{Bellm}, E.},
    title = "{The Zwicky Transient Facility}",
booktitle = {The Third Hot-wiring the Transient Universe Workshop},
     year = 2014,
archivePrefix = "arXiv",
   eprint = {1410.8185},
 primaryClass = "astro-ph.IM",
   editor = {{Wozniak}, P.~R. and {Graham}, M.~J. and {Mahabal}, A.~A. and
	{Seaman}, R.},
    pages = {27-33},
   adsurl = {http://adsabs.harvard.edu/abs/2014htu..conf...27B},
  adsnote = {Provided by the SAO/NASA Astrophysics Data System}
}

@article{Bellm:17:ZTF,
	author =        {{Bellm}, E. and {Kulkarni}, S.},
	journal =       {Nature Astronomy},
	month =         mar,
	pages =         {0071},
	title =         {{The unblinking eye on the sky}},
	volume =        {1},
	year =          {2017},
	abstract =      {From near-Earth asteroids to superluminous supernovae
	and gravitational wave counterparts, the Zwicky
	Transient Facility will soon scan for transient
	phenomena, explain Eric Bellm and Shrinivas
	Kulkarni.},
	doi =           {10.1038/s41550-017-0071},
	eid =           {0071},
}

@Article{scipy,
author={Virtanen, Pauli
and Gommers, Ralf
and Oliphant, Travis E.
and Haberland, Matt
and Reddy, Tyler
and Cournapeau, David
and Burovski, Evgeni
and Peterson, Pearu
and Weckesser, Warren
and Bright, Jonathan
and van der Walt, St{\'e}fan J.
and Brett, Matthew
and Wilson, Joshua
and Millman, K. Jarrod
and Mayorov, Nikolay
and Nelson, Andrew R. J.
and Jones, Eric
and Kern, Robert
and Larson, Eric
and Carey, C. J.
and Polat, {\.{I}}lhan
and Feng, Yu
and Moore, Eric W.
and VanderPlas, Jake
and Laxalde, Denis
and Perktold, Josef
and Cimrman, Robert
and Henriksen, Ian
and Quintero, E. A.
and Harris, Charles R.
and Archibald, Anne M.
and Ribeiro, Ant{\^o}nio H.
and Pedregosa, Fabian
and van Mulbregt, Paul
and Vijaykumar, Aditya
and Bardelli, Alessandro Pietro
and Rothberg, Alex
and Hilboll, Andreas
and Kloeckner, Andreas
and Scopatz, Anthony
and Lee, Antony
and Rokem, Ariel
and Woods, C. Nathan
and Fulton, Chad
and Masson, Charles
and H{\"a}ggstr{\"o}m, Christian
and Fitzgerald, Clark
and Nicholson, David A.
and Hagen, David R.
and Pasechnik, Dmitrii V.
and Olivetti, Emanuele
and Martin, Eric
and Wieser, Eric
and Silva, Fabrice
and Lenders, Felix
and Wilhelm, Florian
and Young, G.
and Price, Gavin A.
and Ingold, Gert-Ludwig
and Allen, Gregory E.
and Lee, Gregory R.
and Audren, Herv{\'e}
and Probst, Irvin
and Dietrich, J{\"o}rg P.
and Silterra, Jacob
and Webber, James T.
and Slavi{\v{c}}, Janko
and Nothman, Joel
and Buchner, Johannes
and Kulick, Johannes
and Sch{\"o}nberger, Johannes L.
and de Miranda Cardoso, Jos{\'e} Vin{\'i}cius
and Reimer, Joscha
and Harrington, Joseph
and Rodr{\'i}guez, Juan Luis Cano
and Nunez-Iglesias, Juan
and Kuczynski, Justin
and Tritz, Kevin
and Thoma, Martin
and Newville, Matthew
and K{\"u}mmerer, Matthias
and Bolingbroke, Maximilian
and Tartre, Michael
and Pak, Mikhail
and Smith, Nathaniel J.
and Nowaczyk, Nikolai
and Shebanov, Nikolay
and Pavlyk, Oleksandr
and Brodtkorb, Per A.
and Lee, Perry
and McGibbon, Robert T.
and Feldbauer, Roman
and Lewis, Sam
and Tygier, Sam
and Sievert, Scott
and Vigna, Sebastiano
and Peterson, Stefan
and More, Surhud
and Pudlik, Tadeusz
and Oshima, Takuya
and Pingel, Thomas J.
and Robitaille, Thomas P.
and Spura, Thomas
and Jones, Thouis R.
and Cera, Tim
and Leslie, Tim
and Zito, Tiziano
and Krauss, Tom
and Upadhyay, Utkarsh
and Halchenko, Yaroslav O.
and V{\'a}zquez-Baeza, Yoshiki
and 1.0 Contributors, SciPy},
title={SciPy 1.0: fundamental algorithms for scientific computing in Python},
journal={Nature Methods},
year={2020},
month={Mar},
day={01},
volume={17},
number={3},
pages={261-272},
abstract={SciPy is an open-source scientific computing library for the Python programming language. Since its initial release in 2001, SciPy has become a de facto standard for leveraging scientific algorithms in Python, with over 600 unique code contributors, thousands of dependent packages, over 100,000 dependent repositories and millions of downloads per year. In this work, we provide an overview of the capabilities and development practices of SciPy 1.0 and highlight some recent technical developments.},
issn={1548-7105},
doi={10.1038/s41592-019-0686-2},
url={https://doi.org/10.1038/s41592-019-0686-2}
}


@inproceedings{spark,
author = {Zaharia, Matei and Chowdhury, Mosharaf and Franklin, Michael J. and Shenker, Scott and Stoica, Ion},
title = {Spark: Cluster Computing with Working Sets},
year = {2010},
publisher = {USENIX Association},
address = {USA},
abstract = {MapReduce and its variants have been highly successful in implementing large-scale data-intensive applications on commodity clusters. However, most of these systems are built around an acyclic data flow model that is not suitable for other popular applications. This paper focuses on one such class of applications: those that reuse a working set of data across multiple parallel operations. This includes many iterative machine learning algorithms, as well as interactive data analysis tools. We propose a new framework called Spark that supports these applications while retaining the scalability and fault tolerance of MapReduce. To achieve these goals, Spark introduces an abstraction called resilient distributed datasets (RDDs). An RDD is a read-only collection of objects partitioned across a set of machines that can be rebuilt if a partition is lost. Spark can outperform Hadoop by 10x in iterative machine learning jobs, and can be used to interactively query a 39 GB dataset with sub-second response time.},
booktitle = {Proceedings of the 2nd USENIX Conference on Hot Topics in Cloud Computing},
pages = {10},
numpages = {1},
location = {Boston, MA},
series = {HotCloud'10},
url = {https://dl.acm.org/doi/10.5555/1863103.1863113}
}



@article{boyajian,
    author = {Boyajian, T. S. and LaCourse, D. M. and Rappaport, S. A. and Fabrycky, D. and Fischer, D. A. and Gandolfi, D. and Kennedy, G. M. and Korhonen, H. and Liu, M. C. and Moor, A. and Olah, K. and Vida, K. and Wyatt, M. C. and Best, W. M. J. and Brewer, J. and Ciesla, F. and Csák, B. and Deeg, H. J. and Dupuy, T. J. and Handler, G. and Heng, K. and Howell, S. B. and Ishikawa, S. T. and Kovács, J. and Kozakis, T. and Kriskovics, L. and Lehtinen, J. and Lintott, C. and Lynn, S. and Nespral, D. and Nikbakhsh, S. and Schawinski, K. and Schmitt, J. R. and Smith, A. M. and Szabo, Gy. and Szabo, R. and Viuho, J. and Wang, J. and Weiksnar, A. and Bosch, M. and Connors, J. L. and Goodman, S. and Green, G. and Hoekstra, A. J. and Jebson, T. and Jek, K. J. and Omohundro, M. R. and Schwengeler, H. M. and Szewczyk, A.},
    title = "{Planet Hunters IX. KIC 8462852 – where's the flux?★†}",
    journal = {Monthly Notices of the Royal Astronomical Society},
    volume = {457},
    number = {4},
    pages = {3988-4004},
    year = {2016},
    month = {01},
    abstract = "{Over the duration of the Kepler mission, KIC 8462852 was observed to undergo irregularly shaped, aperiodic dips in flux of up to ∼20 per cent. The dipping activity can last for between 5 and 80 d. We characterize the object with high-resolution spectroscopy, spectral energy distribution fitting, radial velocity measurements, high-resolution imaging, and Fourier analyses of the Kepler light curve. We determine that KIC 8462852 is a typical main-sequence F3 V star that exhibits no significant IR excess, and has no very close interacting companions. In this paper, we describe various scenarios to explain the dipping events observed in the Kepler light curve. We confirm that the dipping signals in the data are not caused by any instrumental or data processing artefact, and thus are astrophysical in origin. We construct scenario-independent constraints on the size and location of a body in the system that are needed to reproduce the observations. We deliberate over several assorted stellar and circumstellar astrophysical scenarios, most of which have problems explaining the data in hand. By considering the observational constraints on dust clumps in orbit around a normal main-sequence star, we conclude that the scenario most consistent with the data in hand is the passage of a family of exocomet or planetesimal fragments, all of which are associated with a single previous break-up event, possibly caused by tidal disruption or thermal processing. The minimum total mass associated with these fragments likely exceeds 10−6 M⊕, corresponding to an original rocky body of \\&gt;100 km in diameter. We discuss the necessity of future observations to help interpret the system.}",
    issn = {0035-8711},
    doi = {10.1093/mnras/stw218},
    url = {https://doi.org/10.1093/mnras/stw218},
    eprint = {https://academic.oup.com/mnras/article-pdf/457/4/3988/18513212/stw218.pdf},
}

@Article{numpy,
author={Harris, Charles R.
and Millman, K. Jarrod
and van der Walt, St{\'e}fan J.
and Gommers, Ralf
and Virtanen, Pauli
and Cournapeau, David
and Wieser, Eric
and Taylor, Julian
and Berg, Sebastian
and Smith, Nathaniel J.
and Kern, Robert
and Picus, Matti
and Hoyer, Stephan
and van Kerkwijk, Marten H.
and Brett, Matthew
and Haldane, Allan
and del R{\'i}o, Jaime Fern{\'a}ndez
and Wiebe, Mark
and Peterson, Pearu
and G{\'e}rard-Marchant, Pierre
and Sheppard, Kevin
and Reddy, Tyler
and Weckesser, Warren
and Abbasi, Hameer
and Gohlke, Christoph
and Oliphant, Travis E.},
title={Array programming with NumPy},
journal={Nature},
year={2020},
month={Sep},
day={01},
volume={585},
number={7825},
pages={357-362},
abstract={Array programming provides a powerful, compact and expressive syntax for accessing, manipulating and operating on data in vectors, matrices and higher-dimensional arrays. NumPy is the primary array programming library for the Python language. It has an essential role in research analysis pipelines in fields as diverse as physics, chemistry, astronomy, geoscience, biology, psychology, materials science, engineering, finance and economics. For example, in astronomy, NumPy was an important part of the software stack used in the discovery of gravitational waves1 and in the first imaging of a black hole2. Here we review how a few fundamental array concepts lead to a simple and powerful programming paradigm for organizing, exploring and analysing scientific data. NumPy is the foundation upon which the scientific Python ecosystem is constructed. It is so pervasive that several projects, targeting audiences with specialized needs, have developed their own NumPy-like interfaces and array objects. Owing to its central position in the ecosystem, NumPy increasingly acts as an interoperability layer between such array computation libraries and, together with its application programming interface (API), provides a flexible framework to support the next decade of scientific and industrial analysis.},
issn={1476-4687},
doi={10.1038/s41586-020-2649-2},
url={https://doi.org/10.1038/s41586-020-2649-2}
}

@article{astropy:2013,
Adsnote = {Provided by the SAO/NASA Astrophysics Data System},
Adsurl = {http://adsabs.harvard.edu/abs/2013A%26A...558A..33A},
Archiveprefix = {arXiv},
Author = {{Astropy Collaboration} and {Robitaille}, T.~P. and {Tollerud}, E.~J. and {Greenfield}, P. and {Droettboom}, M. and {Bray}, E. and {Aldcroft}, T. and {Davis}, M. and {Ginsburg}, A. and {Price-Whelan}, A.~M. and {Kerzendorf}, W.~E. and {Conley}, A. and {Crighton}, N. and {Barbary}, K. and {Muna}, D. and {Ferguson}, H. and {Grollier}, F. and {Parikh}, M.~M. and {Nair}, P.~H. and {Unther}, H.~M. and {Deil}, C. and {Woillez}, J. and {Conseil}, S. and {Kramer}, R. and {Turner}, J.~E.~H. and {Singer}, L. and {Fox}, R. and {Weaver}, B.~A. and {Zabalza}, V. and {Edwards}, Z.~I. and {Azalee Bostroem}, K. and {Burke}, D.~J. and {Casey}, A.~R. and {Crawford}, S.~M. and {Dencheva}, N. and {Ely}, J. and {Jenness}, T. and {Labrie}, K. and {Lim}, P.~L. and {Pierfederici}, F. and {Pontzen}, A. and {Ptak}, A. and {Refsdal}, B. and {Servillat}, M. and {Streicher}, O.},
Doi = {10.1051/0004-6361/201322068},
Eid = {A33},
Eprint = {1307.6212},
Journal = {\aap},
Keywords = {methods: data analysis, methods: miscellaneous, virtual observatory tools},
Month = oct,
Pages = {A33},
Primaryclass = {astro-ph.IM},
Title = {{Astropy: A community Python package for astronomy}},
Volume = 558,
Year = 2013,
Bdsk-Url-1 = {https://dx.doi.org/10.1051/0004-6361/201322068}}

@ARTICLE{astropy:2018,
       author = {{Astropy Collaboration} and {Price-Whelan}, A.~M. and
         {Sip{H{o}}cz}, B.~M. and {G{"u}nther}, H.~M. and {Lim}, P.~L. and
         {Crawford}, S.~M. and {Conseil}, S. and {Shupe}, D.~L. and
         {Craig}, M.~W. and {Dencheva}, N. and {Ginsburg}, A. and {Vand
        erPlas}, J.~T. and {Bradley}, L.~D. and {P{'e}rez-Su{'a}rez}, D. and
         {de Val-Borro}, M. and {Aldcroft}, T.~L. and {Cruz}, K.~L. and
         {Robitaille}, T.~P. and {Tollerud}, E.~J. and {Ardelean}, C. and
         {Babej}, T. and {Bach}, Y.~P. and {Bachetti}, M. and {Bakanov}, A.~V. and
         {Bamford}, S.~P. and {Barentsen}, G. and {Barmby}, P. and
         {Baumbach}, A. and {Berry}, K.~L. and {Biscani}, F. and {Boquien}, M. and
         {Bostroem}, K.~A. and {Bouma}, L.~G. and {Brammer}, G.~B. and
         {Bray}, E.~M. and {Breytenbach}, H. and {Buddelmeijer}, H. and
         {Burke}, D.~J. and {Calderone}, G. and {Cano Rodr{'i}guez}, J.~L. and
         {Cara}, M. and {Cardoso}, J.~V.~M. and {Cheedella}, S. and {Copin}, Y. and
         {Corrales}, L. and {Crichton}, D. and {D'Avella}, D. and {Deil}, C. and
         {Depagne}, {'E}. and {Dietrich}, J.~P. and {Donath}, A. and
         {Droettboom}, M. and {Earl}, N. and {Erben}, T. and {Fabbro}, S. and
         {Ferreira}, L.~A. and {Finethy}, T. and {Fox}, R.~T. and
         {Garrison}, L.~H. and {Gibbons}, S.~L.~J. and {Goldstein}, D.~A. and
         {Gommers}, R. and {Greco}, J.~P. and {Greenfield}, P. and
         {Groener}, A.~M. and {Grollier}, F. and {Hagen}, A. and {Hirst}, P. and
         {Homeier}, D. and {Horton}, A.~J. and {Hosseinzadeh}, G. and {Hu}, L. and
         {Hunkeler}, J.~S. and {Ivezi{'c}}, {{Z}}. and {Jain}, A. and
         {Jenness}, T. and {Kanarek}, G. and {Kendrew}, S. and {Kern}, N.~S. and
         {Kerzendorf}, W.~E. and {Khvalko}, A. and {King}, J. and {Kirkby}, D. and
         {Kulkarni}, A.~M. and {Kumar}, A. and {Lee}, A. and {Lenz}, D. and
         {Littlefair}, S.~P. and {Ma}, Z. and {Macleod}, D.~M. and
         {Mastropietro}, M. and {McCully}, C. and {Montagnac}, S. and
         {Morris}, B.~M. and {Mueller}, M. and {Mumford}, S.~J. and {Muna}, D. and
         {Murphy}, N.~A. and {Nelson}, S. and {Nguyen}, G.~H. and
         {Ninan}, J.~P. and {N{"o}the}, M. and {Ogaz}, S. and {Oh}, S. and
         {Parejko}, J.~K. and {Parley}, N. and {Pascual}, S. and {Patil}, R. and
         {Patil}, A.~A. and {Plunkett}, A.~L. and {Prochaska}, J.~X. and
         {Rastogi}, T. and {Reddy Janga}, V. and {Sabater}, J. and
         {Sakurikar}, P. and {Seifert}, M. and {Sherbert}, L.~E. and
         {Sherwood-Taylor}, H. and {Shih}, A.~Y. and {Sick}, J. and
         {Silbiger}, M.~T. and {Singanamalla}, S. and {Singer}, L.~P. and
         {Sladen}, P.~H. and {Sooley}, K.~A. and {Sornarajah}, S. and
         {Streicher}, O. and {Teuben}, P. and {Thomas}, S.~W. and
         {Tremblay}, G.~R. and {Turner}, J.~E.~H. and {Terr{'o}n}, V. and
         {van Kerkwijk}, M.~H. and {de la Vega}, A. and {Watkins}, L.~L. and
         {Weaver}, B.~A. and {Whitmore}, J.~B. and {Woillez}, J. and
         {Zabalza}, V. and {Astropy Contributors}},
        title = "{The Astropy Project: Building an Open-science Project and Status of the v2.0 Core Package}",
      journal = {aj},
     keywords = {methods: data analysis, methods: miscellaneous, methods: statistical, reference systems, Astrophysics - Instrumentation and Methods for Astrophysics},
         year = 2018,
        month = sep,
       volume = {156},
       number = {3},
          eid = {123},
        pages = {123},
          doi = {10.3847/1538-3881/aabc4f},
archivePrefix = {arXiv},
       eprint = {1801.02634},
 primaryClass = {astro-ph.IM},
       adsurl = {https://ui.adsabs.harvard.edu/abs/2018AJ....156..123A},
      adsnote = {Provided by the SAO/NASA Astrophysics Data System}
}

@article{astroquery,
	doi = {10.3847/1538-3881/aafc33},
	url = {https://doi.org/10.3847%2F1538-3881%2Faafc33},
	year = 2019,
	month = {feb},
	publisher = {American Astronomical Society},
	volume = {157},
	number = {3},
	pages = {98},
	author = {Adam Ginsburg and Brigitta M. Sip{\H{o}}cz and C. E. Brasseur and Philip S. Cowperthwaite and Matthew W. Craig and Christoph Deil and James Guillochon and Giannina Guzman and Simon Liedtke and Pey Lian Lim and Kelly E. Lockhart and Michael Mommert and Brett M. Morris and Henrik Norman and Madhura Parikh and Magnus V. Persson and Thomas P. Robitaille and Juan-Carlos Segovia and Leo P. Singer and Erik J. Tollerud and Miguel de Val-Borro and Ivan Valtchanov and Julien Woillez and},
	title = {astroquery: An Astronomical Web-querying Package in Python},
	journal = {The Astronomical Journal},
	abstract = {astroquery is a collection of tools for requesting data from databases hosted on remote servers with interfaces exposed on the internet, including those with web pages but without formal application program interfaces. These tools are built on the Python requests package, which is used to make HTTP requests, and astropy, which provides most of the data parsing functionality. astroquery modules generally attempt to replicate the web page interface provided by a given service as closely as possible, making the transition from browser-based to command-line interaction easy. astroquery has received significant contributions from throughout the astronomical community, including several from telescope archives. astroquery enables the creation of fully reproducible workflows from data acquisition through publication. This paper describes the philosophy, basic structure, and development model of the astroquery package. The complete documentation for astroquery can be found at http://astroquery.readthedocs.io/.}
}

@article{Patterson_2018,
	doi = {10.1088/1538-3873/aae904},
	url = {https://doi.org/10.1088/1538-3873/aae904},
	year = 2018,
	month = {nov},
	publisher = {{IOP} Publishing},
	volume = {131},
	number = {995},
	pages = {018001},
	author = {Maria T. Patterson and Eric C. Bellm and Ben Rusholme and Frank J. Masci and Mario Juric and K. Simon Krughoff and V. Zach Golkhou and Matthew J. Graham and Shrinivas R. Kulkarni and George Helou and},
	title = {The Zwicky Transient Facility Alert Distribution System},
	journal = {Publications of the Astronomical Society of the Pacific},
	abstract = {The Zwicky Transient Facility (ZTF) survey generates real-time alerts for optical transients, variables, and moving objects discovered in its wide-field survey. We describe the ZTF alert stream distribution and processing (filtering) system. The system uses existing open-source technologies developed in industry: Kafka, a real-time streaming platform, and Avro, a binary serialization format. The technologies used in this system provide a number of advantages for the ZTF use case, including (1) built-in replication, scalability, and stream rewind for the distribution mechanism; (2) structured messages with strictly enforced schemas and dynamic typing for fast parsing; and (3) a Python-based stream processing interface that is similar to batch for a familiar and user-friendly plug-in filter system, all in a modular, primarily containerized system. The production deployment has successfully supported streaming up to 1.2 million alerts or roughly 70 GB of data per night, with each alert available to a consumer within about 10 s of alert candidate production. Data transfer rates of about 80,000 alerts/minute have been observed. In this paper, we discuss this alert distribution and processing system, the design motivations for the technology choices for the framework, performance in production, and how this system may be generally suitable for other alert stream use cases, including the upcoming Large Synoptic Survey Telescope.}
}

@INPROCEEDINGS{qserve,  author={Wang, Daniel L. and Monkewitz, Serge M. and Lim, Kian-Tat and Becla, Jacek},  booktitle={SC '11: Proceedings of 2011 International Conference for High Performance Computing, Networking, Storage and Analysis},   title={Qserv: A distributed shared-nothing database for the LSST catalog},   year={2011},  volume={},  number={},  pages={1-11},  doi={10.1145/2063348.2063364}}

@inproceedings{jupyter-notebooks,
       booktitle = {Positioning and Power in Academic Publishing: Players, Agents and Agendas},
          editor = {Fernando Loizides and Birgit Scmidt},
           title = {Jupyter Notebooks - a publishing format for reproducible computational workflows},
          author = {Thomas Kluyver and Benjamin Ragan-Kelley and Fernando P{\'e}rez and Brian Granger and Matthias Bussonnier and Jonathan Frederic and Kyle Kelley and Jessica Hamrick and Jason Grout and Sylvain Corlay and Paul Ivanov and Dami{\'a}n Avila and Safia Abdalla and Carol Willing and  Jupyter development team},
       publisher = {IOS Press},
         address = {Netherlands},
            year = {2016},
           pages = {87--90},
             url = {https://eprints.soton.ac.uk/403913/},
        abstract = {It is increasingly necessary for researchers in all fields to write computer code, and in order to reproduce research results, it is important that this code is published. We present Jupyter notebooks, a document format for publishing code, results and explanations in a form that is both readable and executable. We discuss various tools and use cases for notebook documents.}
}

@inproceedings{zepplin,
author = {Cheng, Yanzhe and Liu, Fang Cherry and Jing, Shan and Xu, Weijia and Chau, Duen Horng},
title = {Building Big Data Processing and Visualization Pipeline through Apache Zeppelin},
year = {2018},
isbn = {9781450364461},
publisher = {Association for Computing Machinery},
address = {New York, NY, USA},
url = {https://doi.org/10.1145/3219104.3229288},
doi = {10.1145/3219104.3229288},
abstract = {Big data analytics pipeline becomes popular for large volume data processing, Apache
Zeppelin provides an integrated environment for data ingestion, data discovery, data
analytics and data visualization and collaboration with an extended framework which
allows different programming languages and data processing back ends to be plugged
in. The supported languages include Scala, Python, SQL, and Shell script as well as
big data processing back ends including Hadoop, Spark and Hive. With the necessary
tool sets, an interactive and dynamic data analysis can be done on the fly with heterogeneous
programming interfaces. Although Zeppelin is great for code development and interactive
analysis with small scale data set for proof-of-concept or use-case presentations,
running the data processing pipeline in the batch mode is still needed for performance,
robustness to fit in an automated workflow in some cases. We are developing a tool
to convert Zeppelin notebook into a workflow with a set of codes that can run in a
batch mode through command line interface without requiring running Zeppelin, so that
the prototype code can be seamlessly deployed on the production cluster after demo
stage. The entire workflow can be preserved, configured manually and run automatically.
Zeppelin also provides a flexible way to integrate the visualization functionality,
another contribution of this paper is to extend the Zeppelin's existing built-in visualization
component for D3Network. With two added features described above, Zeppelin can help
users to develop big data pipeline and visualizing graph data quickly and efficiently.},
booktitle = {Proceedings of the Practice and Experience on Advanced Research Computing},
articleno = {57},
numpages = {7},
keywords = {Scala, Visualization, Big Data, Spark, Batch processing},
location = {Pittsburgh, PA, USA},
series = {PEARC '18}
}

@misc{elsa,
      title={Checkpoint, Restore, and Live Migration for Science Platforms}, 
      author={Mario Juric and Steven Stetzler and Colin T. Slater},
      year={2021},
      eprint={2101.05782},
      archivePrefix={arXiv},
      primaryClass={astro-ph.IM}
}

@ARTICLE{2019PASP..131g8001G,
       author = {{Graham}, Matthew J. and {Kulkarni}, S.~R. and {Bellm}, Eric C. and {Adams}, Scott M. and {Barbarino}, Cristina and {Blagorodnova}, Nadejda and {Bodewits}, Dennis and {Bolin}, Bryce and {Brady}, Patrick R. and {Cenko}, S. Bradley and {Chang}, Chan-Kao and {Coughlin}, Michael W. and {De}, Kishalay and {Eadie}, Gwendolyn and {Farnham}, Tony L. and {Feindt}, Ulrich and {Franckowiak}, Anna and {Fremling}, Christoffer and {Gezari}, Suvi and {Ghosh}, Shaon and {Goldstein}, Daniel A. and {Golkhou}, V. Zach and {Goobar}, Ariel and {Ho}, Anna Y.~Q. and {Huppenkothen}, Daniela and {Ivezi{\'c}}, {\v{Z}}eljko and {Jones}, R. Lynne and {Juric}, Mario and {Kaplan}, David L. and {Kasliwal}, Mansi M. and {Kelley}, Michael S.~P. and {Kupfer}, Thomas and {Lee}, Chien-De and {Lin}, Hsing Wen and {Lunnan}, Ragnhild and {Mahabal}, Ashish A. and {Miller}, Adam A. and {Ngeow}, Chow-Choong and {Nugent}, Peter and {Ofek}, Eran O. and {Prince}, Thomas A. and {Rauch}, Ludwig and {van Roestel}, Jan and {Schulze}, Steve and {Singer}, Leo P. and {Sollerman}, Jesper and {Taddia}, Francesco and {Yan}, Lin and {Ye}, Quan-Zhi and {Yu}, Po-Chieh and {Barlow}, Tom and {Bauer}, James and {Beck}, Ron and {Belicki}, Justin and {Biswas}, Rahul and {Brinnel}, Valery and {Brooke}, Tim and {Bue}, Brian and {Bulla}, Mattia and {Burruss}, Rick and {Connolly}, Andrew and {Cromer}, John and {Cunningham}, Virginia and {Dekany}, Richard and {Delacroix}, Alex and {Desai}, Vandana and {Duev}, Dmitry A. and {Feeney}, Michael and {Flynn}, David and {Frederick}, Sara and {Gal-Yam}, Avishay and {Giomi}, Matteo and {Groom}, Steven and {Hacopians}, Eugean and {Hale}, David and {Helou}, George and {Henning}, John and {Hover}, David and {Hillenbrand}, Lynne A. and {Howell}, Justin and {Hung}, Tiara and {Imel}, David and {Ip}, Wing-Huen and {Jackson}, Edward and {Kaspi}, Shai and {Kaye}, Stephen and {Kowalski}, Marek and {Kramer}, Emily and {Kuhn}, Michael and {Landry}, Walter and {Laher}, Russ R. and {Mao}, Peter and {Masci}, Frank J. and {Monkewitz}, Serge and {Murphy}, Patrick and {Nordin}, Jakob and {Patterson}, Maria T. and {Penprase}, Bryan and {Porter}, Michael and {Rebbapragada}, Umaa and {Reiley}, Dan and {Riddle}, Reed and {Rigault}, Mickael and {Rodriguez}, Hector and {Rusholme}, Ben and {van Santen}, Jakob and {Shupe}, David L. and {Smith}, Roger M. and {Soumagnac}, Maayane T. and {Stein}, Robert and {Surace}, Jason and {Szkody}, Paula and {Terek}, Scott and {Van Sistine}, Angela and {van Velzen}, Sjoert and {Vestrand}, W. Thomas and {Walters}, Richard and {Ward}, Charlotte and {Zhang}, Chaoran and {Zolkower}, Jeffry},
        title = "{The Zwicky Transient Facility: Science Objectives}",
      journal = {\pasp},
     keywords = {Astrophysics - Instrumentation and Methods for Astrophysics, Astrophysics - High Energy Astrophysical Phenomena},
         year = 2019,
        month = jul,
       volume = {131},
       number = {1001},
        pages = {078001},
          doi = {10.1088/1538-3873/ab006c},
archivePrefix = {arXiv},
       eprint = {1902.01945},
 primaryClass = {astro-ph.IM},
       adsurl = {https://ui.adsabs.harvard.edu/abs/2019PASP..131g8001G},
      adsnote = {Provided by the SAO/NASA Astrophysics Data System}
}

@ARTICLE{2020PASP..132c8001D,
       author = {{Dekany}, Richard and {Smith}, Roger M. and {Riddle}, Reed and {Feeney}, Michael and {Porter}, Michael and {Hale}, David and {Zolkower}, Jeffry and {Belicki}, Justin and {Kaye}, Stephen and {Henning}, John and {Walters}, Richard and {Cromer}, John and {Delacroix}, Alex and {Rodriguez}, Hector and {Reiley}, Daniel J. and {Mao}, Peter and {Hover}, David and {Murphy}, Patrick and {Burruss}, Rick and {Baker}, John and {Kowalski}, Marek and {Reif}, Klaus and {Mueller}, Phillip and {Bellm}, Eric and {Graham}, Matthew and {Kulkarni}, Shrinivas R.},
        title = "{The Zwicky Transient Facility: Observing System}",
      journal = {\pasp},
     keywords = {instrumentation: detectors, instrumentation: miscellaneous, methods: observational, surveys, techniques: photometric, time, Astrophysics - Instrumentation and Methods for Astrophysics, Physics - Instrumentation and Detectors, Physics - Optics},
         year = 2020,
        month = mar,
       volume = {132},
       number = {1009},
          eid = {038001},
        pages = {038001},
          doi = {10.1088/1538-3873/ab4ca2},
archivePrefix = {arXiv},
       eprint = {2008.04923},
 primaryClass = {astro-ph.IM},
       adsurl = {https://ui.adsabs.harvard.edu/abs/2020PASP..132c8001D},
      adsnote = {Provided by the SAO/NASA Astrophysics Data System}
}

@ARTICLE{2019PASP..131a8003M,
       author = {{Masci}, Frank J. and {Laher}, Russ R. and {Rusholme}, Ben and {Shupe}, David L. and {Groom}, Steven and {Surace}, Jason and {Jackson}, Edward and {Monkewitz}, Serge and {Beck}, Ron and {Flynn}, David and {Terek}, Scott and {Landry}, Walter and {Hacopians}, Eugean and {Desai}, Vandana and {Howell}, Justin and {Brooke}, Tim and {Imel}, David and {Wachter}, Stefanie and {Ye}, Quan-Zhi and {Lin}, Hsing-Wen and {Cenko}, S. Bradley and {Cunningham}, Virginia and {Rebbapragada}, Umaa and {Bue}, Brian and {Miller}, Adam A. and {Mahabal}, Ashish and {Bellm}, Eric C. and {Patterson}, Maria T. and {Juri{\'c}}, Mario and {Golkhou}, V. Zach and {Ofek}, Eran O. and {Walters}, Richard and {Graham}, Matthew and {Kasliwal}, Mansi M. and {Dekany}, Richard G. and {Kupfer}, Thomas and {Burdge}, Kevin and {Cannella}, Christopher B. and {Barlow}, Tom and {Van Sistine}, Angela and {Giomi}, Matteo and {Fremling}, Christoffer and {Blagorodnova}, Nadejda and {Levitan}, David and {Riddle}, Reed and {Smith}, Roger M. and {Helou}, George and {Prince}, Thomas A. and {Kulkarni}, Shrinivas R.},
        title = "{The Zwicky Transient Facility: Data Processing, Products, and Archive}",
      journal = {\pasp},
     keywords = {Astrophysics - Instrumentation and Methods for Astrophysics},
         year = 2019,
        month = jan,
       volume = {131},
       number = {995},
        pages = {018003},
          doi = {10.1088/1538-3873/aae8ac},
archivePrefix = {arXiv},
       eprint = {1902.01872},
 primaryClass = {astro-ph.IM},
       adsurl = {https://ui.adsabs.harvard.edu/abs/2019PASP..131a8003M},
      adsnote = {Provided by the SAO/NASA Astrophysics Data System}
}


@article{LSE-319,
author = {M. Juri\'c and D. Ciardi and G.P. Dubois-Felsmann},
title = "{LSST Science Platform Vision Document}",
year = 2017,
month = jun,
handle = {LSE-319},
publisher = "Rubin Observatory"
}
@article{LDM-542,
author = {Gregory Dubois-Felsmann and Kian-Tat Lim and Xiuqin Wu and Frossie Economou and Fritz Mueller and Brian Van Klaveren and Kenny Lo},
title = "{LSST Science Platform Design}",
year = 2017,
month = jun,
handle = {LDM-542},
publisher = "Rubin Observatory"
}